3074 5092
261 369 299 424 66
738 361 976 423 ΑΙῬΕΝΒΙΧ.

260 548 315 606 hoo
329 555 430 606 tamen
440 546 553 604 inuidit
567 545 653 604 nobis
667 546 797 617 fortuna,
809 546 946 623 quamuis
961 565 1043 605 meae
1056 547 1119 624 ipse
1129 567 1185 606 nee
1195 566 1302 625 operae
1316 565 1418 625 peper-

260 646 350 704 eerim
371 666 425 703 nee
446 646 546 704 fronti.
589 645 690 721 plures
714 644 793 702 enim
820 645 901 703 uiros
926 645 970 704 rei
997 646 1214 705 astronomicae
1241 666 1360 724 gnaros,
1385 646 1418 703 in

260 743 369 819 quibus
397 744 563 801 Robertum
592 742 619 799 S.
651 742 790 814 Bellium,
815 743 946 820 equitem
974 751 1122 819 auratum,
1151 745 1344 803 Franciseum
1366 745 1415 803 W.

261 842 428 918 Dysonum,
453 841 627 918 Philippum
657 842 699 898 H.
726 841 909 913 Oowellium,
936 842 971 901 E.
997 842 1037 900 H.
1066 843 1260 916 Knobelium,
1284 844 1337 921 qui
1370 844 1419 901 uir

260 947 395 997 ueterum
416 959 533 1017 quoque
551 939 751 996 astronomiae
770 940 968 1016 peritissimus
986 947 1041 1012 est,
1060 942 1144 999 adire
1162 941 1243 1000 haud
1261 941 1378 1009 erubui,
1392 942 1418 998 si

261 1058 320 1114 quo
341 1058 441 1096 eorum
467 1037 581 1094 auxilio
605 1037 677 1094 loeis
700 1039 840 1110 excussis,
864 1039 973 1115 quibus
996 1039 1094 1096 sidera
1117 1048 1210 1116 quoto
1231 1059 1300 1096 oum
1320 1039 1417 1116 gradu

262 1137 414 1212 signorum
434 1134 619 1192 zodiaeorum
641 1136 758 1211 singula
785 1143 940 1211 surgerent
961 1156 979 1193 a
1003 1137 1133 1195 Manilio
1158 1138 1321 1210 narratur¹,
1344 1137 1418 1195 certi

262 1234 375 1310 aliquid
390 1235 548 1292 lectoribus
562 1239 785 1310 proponeretur.
825 1235 883 1292 loci
897 1241 1000 1294 tamen
1019 1242 1141 1294 tantum
1160 1238 1241 1294 inter
1261 1255 1292 1318 se
1314 1237 1420 1294 disere-

262 1340 336 1409 pant
350 1339 385 1389 ut
399 1352 489 1389 unam
503 1332 576 1389 caeli
590 1332 698 1389 faciem
714 1332 837 1390 reddere
856 1333 952 1391 uideri
973 1340 1132 1411 nequeant.
1176 1324 1267 1411 quare
1282 1334 1330 1392 hie
1345 1328 1420 1393 satis

263 1431 303 1489 sit
316 1431 432 1488 adicere
445 1437 476 1488 et
491 1430 589 1487 Ballio
602 1435 633 1487 et
648 1430 770 1505 Dysono
785 1431 884 1489 uisum
899 1451 961 1489 esse
975 1451 1042 1489 oum
1057 1431 1236 1489 Manilianis
1250 1432 1420 1490 rationibus

262 1530 334 1587 satis
353 1548 513 1605 congruere
532 1528 596 1585 eius
615 1528 717 1586 stellae
736 1535 834 1587 ortum
850 1550 926 1606 quae
942 1530 1046 1607 Alpha
1062 1530 1176 1607 Scorpii
1191 1530 1228 1610 ab
1243 1530 1419 1607 aequalibus

261 1627 380 1697 nostris,
401 1647 418 1683 a
437 1626 607 1683 Ptolemaeo
626 1645 698 1684 uero
717 1627 851 1685 Antores
871 1636 1070 1704 nuncupatur,
1092 1627 1180 1686 stella
1205 1635 1325 1704 praeter
1346 1629 1420 1686 alias

262 1726 355 1784 rutila
368 1745 402 1783 ae
417 1725 576 1801 praeclara.

310 2014 320 2046 ¹
337 2021 399 2065 suut
410 2031 453 2066 uu.
467 2019 506 2074 39,
519 2018 559 2072 50,
573 2016 612 2078 67,
628 2018 683 2077 102,
699 2017 893 2076 113,128,141,
912 2017 969 2075 159,
988 2017 1043 2076 174,
1063 2017 1118 2078 197,
1138 2016 1195 2077 206,
1211 2016 1269 2073 234,
1287 2015 1344 2072 251,
1361 2015 1418 2076 271,

263 2099 319 2155 294,
332 2100 386 2160 312,
400 2099 454 2157 325,
468 2099 524 2159 340,
539 2099 595 2159 350,
610 2099 666 2155 366,
679 2098 736 2156 450,
749 2099 805 2156 491,
818 2099 874 2156 505,
888 2099 944 2155 538,
958 2100 1014 2155 632,
1028 2099 1084 2159 642,
1099 2098 1156 2155 640,
1169 2099 1225 2150 667.
