3074 5092
536 343 605 408 SIL
613 344 660 407 VA
693 344 952 406 MANILIANA.
1288 346 1325 407 27

168 532 247 597 dum
269 530 467 597 ‘momenta'
483 531 592 618 (quasi
611 530 678 597 sint
697 530 834 616 Anglice
850 529 1061 613 ‘moments')
1080 529 1165 594 male
1184 529 1328 615 capiunt.

167 636 225 702 sed
240 636 335 724 longe
351 635 440 701 aliud
455 635 562 701 uoluit
577 645 674 721 poeta
688 635 742 700 cui
757 657 816 699 sua
834 634 1011 699 reddideris
1033 633 1061 697 si
1080 634 1162 698 duce
1177 633 1328 699 Bentleio

158 741 214 806 sic
229 764 357 806 mecum
373 740 554 827 scripseris:

299 879 416 944 bacin
439 887 532 966 parte
547 862 634 964 fides
655 895 743 964 Aque
766 877 825 943 bec
848 884 1016 941 momenta
1038 876 1213 942 dabuntur.

236 1018 365 1081 111323
390 1038 458 1101 sqq.

301 1145 337 1202 at
358 1137 456 1202 simul
479 1160 519 1202 ex
541 1137 599 1202 illa
621 1145 781 1203 terrarum
804 1145 897 1222 parte
919 1135 1058 1213 recedas,

301 1240 455 1326 quicquid
477 1241 519 1306 ad
541 1249 703 1306 extremos
725 1249 829 1306 temet
852 1239 1066 1325 praeuertens
1088 1261 1164 1303 axes

301 1365 360 1429 per
381 1365 526 1408 connexa
547 1344 666 1428 gradus
688 1365 833 1431 gressum
856 1342 988 1429 fastigia
1009 1352 1125 1420 terrae,

302 1470 401 1534 quam
424 1449 522 1513 tereti
545 1455 664 1513 natura
686 1448 752 1512 solo
775 1447 954 1514 decircinat
977 1449 1089 1513 orbem

302 1551 338 1616 in
360 1552 526 1617 tumidum
548 1562 578 1619 et
599 1575 626 1638 q.
642 1575 666 1618 s.
698 1588 702 1593 ·

237 1697 328 1756 temet
344 1688 564 1775 mammerti
586 1688 736 1754 Bentleio
759 1687 975 1773 displicebant
998 1711 1103 1774 neque
1126 1688 1254 1767 iniuria,
1275 1689 1333 1775 qui

172 1802 284 1859 tamen
306 1815 402 1860 suum
427 1793 640 1859 ‘deuerteris'
665 1792 790 1856 nemini
816 1791 923 1856 adhuc
948 1791 1108 1876 probauit.
1168 1801 1218 1857 est
1244 1793 1332 1856 enim

173 1899 368 1984 exquisitius
392 1898 612 1986 praecaeteris
634 1920 731 1983 quam
759 1895 846 1982 quod
872 1917 892 1958 a
915 1895 1054 1960 librariis
1075 1897 1255 1980 profectum
1280 1896 1332 1961 sit.

173 2011 327 2068 manente
342 2002 411 2081 hoc,
427 2011 518 2068 terna
532 2025 597 2067 non
617 2002 739 2087 poterit
759 2022 899 2065 manere
945 1999 1101 2085 scriptum
1118 2001 1225 2066 fuerat
1240 1998 1333 2077 timet,

173 2107 204 2170 h.
225 2129 251 2172 e.
272 2107 400 2185 tibimet,
418 2106 505 2193 quod
525 2106 560 2170 in
576 2114 667 2172 tentet
686 2112 853 2169 mutatum
876 2112 927 2168 est
949 2104 1062 2169 eodem
1085 2127 1215 2189 prorsus
1237 2104 1334 2168 modo

173 2220 273 2298 atque
287 2212 323 2278 in
338 2231 362 2277 v
378 2217 440 2278 251
458 2222 479 2278 τ’
493 2212 569 2297 (hoc
584 2235 604 2276 a
618 2212 769 2276 Bentleio
785 2218 981 2295 occupatum
993 2217 1027 2274 et
1039 2210 1108 2296 ipse
1121 2210 1334 2292 conieceram)

174 2315 208 2380 in
225 2324 273 2382 ter
286 2315 337 2400 (τ’)
351 2315 456 2382 abiit¹.
506 2315 671 2381 sententia
685 2323 735 2379 est
751 2313 831 2379 ὅσον
847 2310 888 2378 ἂν
904 2317 962 2395 τῆς
979 2311 1055 2379 ὁδοῦ
1074 2311 1256 2400 προλάβῃς
1277 2311 1334 2378 ἐπὶ

174 2417 218 2484 τὰ
232 2423 292 2485 τοῦ
307 2417 417 2486 πόλου
433 2418 565 2508 ἔσχατα
581 2418 809 2505 πορευόμενος.

240 2545 316 2587 mox
340 2522 463 2588 111325
490 2522 660 2588 Bentleius
686 2521 836 2586 ‘trahens
860 2520 1025 2605 gressum’
1047 2520 1224 2606 reponebat
1246 2519 1333 2605 quod

174 2626 353 2691 audacioris
383 2635 442 2692 est.
486 2649 561 2692 cum
588 2644 732 2712 pressum
762 2649 782 2689 a
804 2624 929 2710 produc
954 2632 1139 2709 corruptum
1168 2646 1237 2688 esse
1264 2623 1334 2687 ueri

175 2729 313 2794 similius
334 2729 387 2808 sit,
407 2730 633 2817 corrigendum
656 2729 779 2793 eisdem
797 2731 865 2793 fere
885 2728 1002 2792 litteris
1022 2744 1165 2793 euentus
1187 2743 1334 2792 VRGENS.

176 2832 243 2916 [hic
265 2833 402 2898 Iacobus
424 2856 554 2919 quoque
578 2832 695 2898 melius
717 2833 786 2918 egit
809 2832 960 2896 Bentleio
980 2854 1038 2917 pro
1058 2830 1204 2918 ‘gradus’
1224 2851 1335 2915 repens

175 2937 338 3024 reposito]

242 3093 284 3140 111
306 3075 371 3143 373
387 3098 454 3162 sqq.

308 3219 366 3282 per
387 3195 524 3261 totidem
548 3218 675 3260 menses
696 3195 812 3279 iunget
836 3218 898 3259 nox
924 3217 988 3259 una
1010 3195 1161 3260 tenebras

308 3300 431 3366 uertice
453 3300 513 3365 sub
535 3300 623 3364 caeli.
669 3322 744 3364 nam
769 3299 915 3385 quisquis
938 3309 1064 3385 spectat
1087 3299 1128 3364 ab
1151 3300 1239 3364 omni

307 3403 479 3469 dimidium
505 3410 538 3468 θ2
560 3411 629 3467 toto
652 3402 812 3467 mundum
836 3403 928 3468 uidet
951 3403 1027 3468 orbe
1050 3403 1191 3468 rotundo

307 3529 381 3592 pars
404 3506 486 3571 latet
508 3505 652 3586 inferior3
675 3527 781 3591 neque
804 3505 892 3570 enim
915 3505 1130 3571 circumuenit
1145 3506 1238 3570 illum

308 3618 398 3675 recta
419 3610 504 3676 acies
526 3610 697 3695 mediaque
720 3617 817 3675 tenus
839 3611 1054 3698 distinguitur
1074 3611 1158 3676 aluo.

245 3757 283 3814 ut
304 3750 383 3815 olim
405 3750 580 3815 emendata
600 3759 809 3835 praeteream,
830 3751 864 3814 in
885 3749 972 3815 omui
992 3749 1135 3836 primum
1157 3750 1335 3815 haeremus.

178 3854 219 3918 de
239 3853 300 3919 hoc
319 3854 457 3919 Iacobus
477 3854 534 3919 ‘ab
554 3853 640 3920 omui
659 3854 708 3919 ie.
724 3877 744 3917 a
758 3876 951 3940 quocunque
967 3852 1035 3917 loco
1047 3853 1073 3931 ’;
1096 3852 1153 3917 sed
1169 3874 1263 3916 nemo
1279 3853 1337 3938 qui

178 3957 312 4044 quidem
337 3957 454 4023 [atine
478 3958 642 4044 scripserit
672 3957 794 4022 ‘omni'
826 3980 882 4042 pro
913 3958 1150 4043 ‘quocumque’
1180 3957 1338 4034 abutitur,

211 4151 271 4202 1de
296 4151 425 4202 similibus
450 4152 611 4216 compendiis
635 4167 651 4202 a
673 4151 733 4201 Pro·
785 4154 852 4201 tiens
876 4152 906 4213 of
931 4153 972 4200 the
996 4152 1145 4212 Gambridpe
1166 4151 1338 4212 Philolopical

178 4233 245 4297 parti
266 4233 380 4284 librariis
401 4234 518 4283 confusis
535 4234 594 4284 uide
615 4232 652 4283 sis
669 4247 734 4294 quae
785 4238 895 4300 society,
908 4238 971 4286 tom.
986 4249 1059 4298 1v,p.
1074 4233 1124 4298 23).

178 4315 293 4366 diximus
309 4315 338 4365 in
353 4315 441 4366 libello
458 4319 557 4375 nostro,
575 4316 616 4366 On
634 4316 733 4365 certain
766 4301 770 4307 ⁶
816 4316 868 4365 ἐτ
879 4316 953 4366 codd.
967 4331 1032 4366 corr.
1045 4316 1131 4364 Bentl.

180 4399 355 4464 Manuscripts
376 4400 405 4448 oi
425 4399 574 4463 Propertius
598 4399 732 4464 (Tramar-
