3074 5092
562 394 687 454 SILVA
717 395 973 455 MANILIANA.
1309 398 1348 456 49

252 574 372 640 ‘artes'
390 577 432 640 ab
452 573 812 663 ι111811111111111’(11.272)
830 579 960 664 pendet.
1005 579 1092 644 idem
1112 603 1132 645 a
1150 581 1349 647 ‘subdere-

187 679 322 745 ducere’
338 690 371 745 et
386 704 416 766 q.
432 703 454 745 s.
472 679 662 766 explicatur.

252 834 277 882 v
298 821 371 885 302.

392 931 610 1018 mittebatque
633 955 708 998 suos
730 933 822 1020 ignes
845 941 880 998 et
902 935 992 1001 mille
1014 936 1139 1003 carinis.

251 1059 330 1125 haec
356 1061 544 1127 emendasse
570 1062 703 1128 uidetur
729 1063 862 1129 Ellisius
889 1067 1010 1150 scripto
1036 1067 1209 1133 ‘mittebat
1235 1090 1349 1133 saeuos

185 1164 272 1251 ignis
286 1165 345 1250 qui
359 1167 449 1231 mille
465 1167 600 1234 carinis!
632 1190 707 1232 nam
721 1168 783 1254 qui,
794 1191 862 1254 que,
872 1178 901 1235 cl
912 1170 1006 1235 facile
1021 1171 1109 1236 inter
1123 1193 1157 1236 se
1172 1194 1192 1236 a
1208 1171 1349 1236 librariis

186 1266 439 1343 confunduntur,
460 1269 553 1333 facile
578 1270 677 1334 etiam
706 1270 788 1334 illud
813 1294 902 1336 senos
925 1271 959 1335 iu
987 1295 1060 1338 suos
1080 1272 1247 1337 abiturum
1268 1281 1346 1339 erat.

187 1372 271 1456 quod
309 1395 386 1437 uero
424 1373 464 1437 ad
503 1374 700 1439 sententiam
735 1376 866 1452 attinet,
896 1377 1027 1441 omnino
1057 1379 1269 1443 conferendus
1299 1388 1348 1444 est

187 1477 329 1542 Nasonis
355 1479 452 1555 locus,
478 1479 608 1546 Metam.
637 1485 686 1546 13.
715 1484 754 1547 91
780 1504 856 1568 sqq,
883 1482 942 1547 ubi
968 1482 1068 1548 habes
1094 1506 1159 1547 non
1186 1485 1348 1548 Teucrum

186 1582 242 1646 sed
270 1583 385 1648 Teucri
411 1585 563 1649 comitem
586 1586 720 1650 Aiacem
746 1584 875 1652 easdem
899 1587 962 1651 sibi
989 1586 1100 1652 laudes
1127 1587 1346 1674 adrogantem.

187 1687 214 1750 si
240 1688 343 1752 credis
369 1689 511 1774 aliquem
539 1691 619 1755 baec
646 1713 686 1755 ex
715 1691 836 1756 Ouidio
861 1700 992 1777 sumpta
1018 1692 1081 1756 huc
1105 1692 1264 1768 intulisse,
1289 1691 1349 1769 dic,

187 1814 314 1878 quaeso,
330 1816 387 1857 cur
402 1794 546 1859 fabulam
561 1795 765 1861 mutauerit?

253 1938 278 1986 v
301 1925 363 1988 319
379 1945 425 2009 sq.

383 2057 447 2099 non
469 2036 526 2100 illo
549 2058 654 2101 coram
677 2036 797 2122 digitos
820 2037 1020 2122 quaesiuerit
1043 2037 1138 2104 hasta

383 2139 587 2225 defueritque
610 2139 703 2204 bonis
725 2148 836 2206 sector.

253 2268 297 2332 sic
313 2268 412 2352 uulgo
429 2291 503 2333 cum
523 2269 672 2335 Bentleio
693 2269 820 2354 legitur.
867 2268 923 2334 sed
941 2270 1066 2336 codices
1081 2271 1182 2357 digito
1198 2273 1254 2358 qui
1268 2273 1349 2358 (que,

188 2373 264 2458 quo)
279 2373 399 2440 irruent
413 2375 575 2460 (potuerit,
590 2375 725 2458 iuuerit)
740 2375 885 2439 tradunt.
930 2397 967 2439 ac
989 2376 1091 2461 digito
1110 2376 1242 2461 quidem
1261 2385 1348 2441 reete

188 2500 222 2543 se
245 2479 364 2544 habere
387 2479 498 2544 docuit
522 2480 654 2544 Ellisius
677 2479 766 2546 Noct.
793 2480 882 2546 Mun.
910 2503 941 2566 p.
966 2483 1048 2560 1803
1080 2503 1121 2544 ex
1147 2481 1264 2546 ceteris
1286 2499 1349 2545 1111-
1424 2536 1427 2541 .

190 2600 387 2658 QVJEVERIT
413 2584 506 2649 facile
533 2584 689 2649 elicueris.
734 2607 809 2649 nam
836 2607 885 2650 rc·
912 2585 947 2649 in
973 2584 1137 2649 codicibus
1163 2585 1251 2650 haud
1278 2608 1348 2650 raro

189 2688 365 2765 intercidit,
389 2688 474 2754 unde
501 2689 631 2754 Grattio
657 2690 753 2772 (482)
779 2689 980 2754 reddendum
1009 2689 1230 2774 ‘supplicibus
1256 2712 1348 2755 reuo-

188 2793 292 2858 canda
306 2795 403 2858 sacris
418 2795 524 2859 tutela
539 2793 672 2859 deorum
684 2796 699 2859 '.
741 2793 853 2879 digitu,
865 2795 926 2859 boc
938 2809 988 2859 est
999 2793 1190 2872 licitatione,
1200 2803 1348 2859 cessante

189 2896 362 2982 requiescit
377 2897 479 2962 hasta.

254 3035 278 3081 v
300 3022 364 3084 338
387 3041 431 3104 sq.

362 3137 416 3202 bic
438 3137 581 3203 distante
605 3138 689 3224 Lyra
711 3160 784 3202 cum
808 3161 882 3224 pars
904 3139 1058 3203 uicesima
1080 3147 1172 3203 sexta

364 3241 540 3308 Chelarum
563 3253 674 3328 surget
696 3265 780 3328 quae
803 3265 922 3308 cornua
944 3242 1041 3308 ducet
1063 3243 1097 3307 in
1120 3251 1214 3308 astra

254 3372 433 3437 uicinorum
464 3395 618 3437 uersuum
644 3373 725 3438 fines
754 3372 841 3438 inter
870 3396 904 3438 se
934 3373 1126 3460 migrarunt,
1152 3374 1192 3438 de
1219 3395 1285 3459 qua
1314 3396 1348 3438 re

189 3475 382 3541 conferenda
403 3498 487 3562 quae
513 3476 555 3541 ad
585 3493 627 3541 ΙΙΙ
651 3475 716 3542 374
734 3499 800 3562 sqq.
824 3477 980 3542 adnotata
1001 3485 1087 3554 sunt,
1110 3485 1149 3541 ut
1171 3476 1348 3542 rectissime

188 3579 347 3645 iudicauit
363 3580 513 3664 Scaliger.
555 3603 675 3645 cornua
690 3580 777 3645 enim
792 3581 877 3666 Lyra
892 3581 1000 3657 habet,
1015 3581 1112 3645 Libra
1128 3582 1197 3664 (uel
1213 3579 1350 3664 Chelae)

190 3706 253 3748 non
285 3683 390 3748 babet.
436 3691 524 3748 recte
555 3684 655 3748 etiam
684 3682 771 3747 idem
803 3684 865 3748 ‘sic
896 3684 1039 3750 dictante
1070 3684 1173 3770 Lyra’
1203 3685 1350 3762 correxit,

189 3789 226 3853 cf.
254 3804 282 3853 ΙΙ
309 3787 382 3864 407,
409 3806 447 3851 lv
475 3787 545 3864 177,
574 3792 636 3854 569
661 3796 696 3853 et
720 3811 803 3874 quae
828 3812 893 3852 nou
918 3789 1022 3853 multo
1045 3789 1141 3853 aliter
1162 3790 1349 3875 Propertius

188 3892 273 3957 dixit
288 3893 331 3975 (4.
349 3896 375 3956 1.
393 3893 479 3974 133).
525 3892 608 3956 male
623 3899 734 3956 tamen
751 3891 827 3956 fecit
843 3891 929 3977 quod
949 3913 1061 3956 uersus
1082 3892 1232 3956 distraxit
1254 3891 1348 3956 meri·

189 4005 286 4082 toque
307 3997 348 4062 ob
369 3995 403 4061 id
423 3998 531 4083 ipsum
554 3996 741 4061 aBentleio
759 4005 891 4061 notatus
912 4003 970 4061 est.
1016 3997 1134 4060 frustra
1153 3997 1229 4060 fecit
1248 3996 1348 4060 etiam

189 4101 326 4166 Iacobus
352 4123 426 4164 cum
454 4122 584 4165 uersum
609 4104 673 4165 338
699 4098 741 4163 ad
763 4100 870 4184 priora
893 4100 1112 4185 pertinentem
1139 4099 1349 4184 sequentibus

188 4205 383 4270 adnecteret.
429 4213 604 4288 utrumque
623 4202 753 4280 scilicet,
769 4202 855 4288 quod
871 4212 1003 4280 ceteros,
1018 4203 1135 4268 fefellit
1149 4210 1222 4287 post
1239 4225 1267 4266 u.
1285 4206 1349 4268 340

188 4309 275 4372 haud
301 4330 419 4394 paucos
440 4307 640 4372 intercidisse
665 4330 786 4385 uersus
808 4307 928 4392 quibus
951 4306 1134 4391 expositum
1158 4316 1242 4370 esset
1265 4329 1349 4391 quae

189 4412 285 4477 stella
308 4433 381 4475 cum
407 4420 498 4496 parte
525 4427 641 4475 xxvla
664 4409 782 4475 Librae
809 4419 955 4495 surgeret
979 4418 1013 4473 et
1043 4418 1193 4473 natorum
1223 4409 1284 4474 sub
1311 4431 1350 4474 ea

272 4558 297 4604 1.
314 4557 344 4602 u.
1248 4539 1266 4596 4
