3074 5092
515 345 637 406 SILVA
669 344 927 405 MANILIANA.
1264 344 1303 402 45

208 543 232 590 v
255 531 297 594 53
313 500 358 613 sq.

293 655 508 742 Actiacosque
531 656 621 721 sinus
643 655 731 721 inter
753 677 928 741 suspensus
951 656 1117 740 utrimque

295 758 388 836 orbis,
412 768 446 824 et
468 759 504 823 in
526 767 625 845 ponto
648 758 730 824 caeli
752 759 884 823 fortuna
906 757 1044 823 natabit.

208 911 266 977 ubi
289 911 369 977 mire
394 934 471 977 sane
496 935 554 997 pro
578 913 744 977 ‘fortuna'
766 911 1011 977 Gemblacensis
1030 933 1142 977 secura
1157 917 1305 985 testatur,

143 1016 230 1100 quod
245 1017 378 1102 quidem
398 1040 437 1082 ex
458 1025 587 1084 recturo
607 1017 739 1081 uidetur
759 1016 970 1101 profluxisse3
999 1015 1107 1080 confer
1128 1014 1168 1079 de
1192 1013 1304 1079 eodem

144 1119 277 1186 Actiaco
297 1121 417 1206 proelio
438 1139 451 1186 1
473 1125 535 1187 915
552 1145 597 1207 sq.
615 1122 836 1208 ‘repetitaque
858 1143 966 1186 rerum
986 1119 990 1206 Ι
1012 1120 1083 1184 1111
1103 1127 1136 1183 et
1156 1117 1189 1182 in
1206 1129 1306 1203 ponto

144 1225 310 1310 quaesitus
325 1235 427 1293 rector
443 1225 589 1312 Olympi!
627 1225 683 1291 sed
705 1233 792 1290 recte
808 1247 849 1289 111
866 1246 966 1302 secus,
982 1222 1128 1287 dubium.
1164 1222 1307 1310 fortuna

145 1336 230 1393 certe
246 1327 329 1393 nihil
344 1328 445 1393 habet
460 1329 547 1414 quod
562 1327 714 1393 offendat.

211 1498 234 1544 v
252 1484 315 1546 132
331 1503 397 1569 sqq.

798 1584 856 1648 illa
878 1583 1021 1648 Tonanti

299 1689 511 1754 fundamenta
533 1688 625 1754 dedit
646 1696 826 1774 pectusque
848 1687 1001 1772 impleuit
1023 1687 1146 1753 hiantis

298 1793 381 1857 lacte
403 1814 470 1869 suo,
494 1791 584 1856 dedit
607 1801 641 1857 et
663 1791 778 1878 dignas
801 1791 842 1856 ad
865 1791 1004 1856 fulmina
1027 1792 1121 1858 uires.

83 1940 88 1947 ’
211 1948 273 2012 nisi
304 1947 450 2012 Breitero
480 1947 590 2012 credas
621 1946 654 2011 in
681 1947 787 2032 priore
815 1969 911 2012 uersu
949 1948 1085 2014 torrendi
1122 1946 1306 2033 legendum,

146 2052 233 2138 quod
263 2059 377 2138 postea
406 2050 538 2116 demum
569 2051 678 2116 uerbis
708 2051 967 2117 ‘dedit-uires'
1005 2052 1163 2138 expressit
1200 2059 1306 2138 poeta,

138 2155 357 2242 solidamenta
374 2178 432 2241 pro
453 2155 617 2220 alimentis
633 2155 821 2242 accipienda
836 2163 923 2233 sunt,
939 2156 1026 2242 quod
1042 2165 1135 2220 uetat
1151 2155 1306 2220 sermonis

147 2259 258 2324 Latini
293 2259 501 2324 consuetude.
558 2259 797 2324 ‘nutrimenta'
832 2281 852 2323 1
883 2259 1004 2324 litteris
1040 2259 1169 2344 longius
1205 2259 1307 2336 abest,

146 2364 279 2450 propius
290 2364 507 2450 summonte.
553 2373 631 2428 nota
649 2364 734 2428 inre
753 2363 814 2429 tali
833 2364 981 2429 ‘fulcire'
1002 2372 1041 2430 ut
1056 2365 1149 2430 Lucr.
1167 2367 1195 2430 2.
1212 2367 1307 2440 1141,

148 2467 304 2532 ‘fultura’
320 2468 398 2532 Hor.
414 2467 514 2532 Serm.
536 2484 564 2531 ΙΙ
585 2470 613 2533 3.
632 2471 704 2544 154,
720 2490 804 2532 neue
818 2467 1017 2555 fulcimento
1032 2468 1160 2533 serioris
1174 2475 1306 2532 tantum

147 2572 336 2637 Latinitatis
373 2595 441 2637 esse
472 2572 667 2636 uocabulum
698 2572 874 2648 existimes,
905 2573 993 2657 apud
1024 2572 1184 2637 Ouidium
1215 2580 1307 2637 extat

146 2676 337 2741 ‘fulcimen'
360 2676 446 2762 quod
468 2676 565 2763 plane
587 2677 764 2761 gemellum
788 2685 845 2741 est.

213 2838 236 2884 v
262 2824 322 2886 135

298 2950 375 3015 hinc
396 2951 480 3016 fidae
503 2959 630 3016 mentes
652 2950 930 3036 tremebundaque
953 2950 1048 3015 corda
1070 2959 1220 3016 creantur

213 3098 309 3184 ‘sidae
330 3100 468 3165 mentes’
491 3100 662 3165 absurdius
686 3109 754 3165 est:
786 3099 935 3186 sequitur
957 3099 1044 3164 enirn
1072 3101 1307 3165 ‘tremebunda

148 3203 250 3279 corda,
267 3224 424 3289 suspensa
443 3203 483 3267 ad
504 3204 660 3289 strepitus
676 3203 869 3289 lenibusque
886 3203 1025 3268 obnoxia
1040 3204 1161 3268 causis!
1205 3204 1307 3269 scribe

147 3307 280 3394 INJidac.
327 3330 346 3372 1
361 3308 452 3394 fidae
472 3308 662 3374 distractum
685 3308 721 3372 111
741 3308 776 3371 in
791 3309 865 3373 hinc
887 3308 989 3387 abiit3
1013 3309 1058 3373 sic
1080 3309 1167 3393 apud
1186 3309 1307 3395 Propl

149 3414 198 3477 20.
217 3415 257 3475 12
276 3410 520 3496 ‘Enhydriasin’
536 3412 558 3494 (¹
570 3409 810 3496 Hamadryasin
821 3412 842 3494 ')
862 3411 896 3475 in
913 3411 1089 3476 ‘amadrias
1109 3411 1202 3478 hinc’
1222 3420 1257 3477 et
1280 3431 1307 3476 11

149 3518 199 3583 29.
216 3516 254 3580 27
273 3515 448 3580 ‘intactae’
464 3515 499 3579 in
515 3515 607 3580 ‘hinc
623 3515 746 3580 castae'
763 3515 979 3602 deprauatum
997 3526 1054 3581 est.

212 3688 236 3734 v
260 3674 323 3735 180
339 3693 406 3756 sqq.

299 3807 333 3863 et
355 3796 541 3885 Calydonea
562 3799 738 3864 bellantem
762 3823 842 3885 rupe
865 3801 1008 3886 puellam

298 3902 550 3990 uincentemque
573 3904 660 3968 uiros
683 3913 716 3968 et
739 3927 837 3990 quarn
861 3907 1004 3991 potuisse
1026 3906 1138 3970 uidere

299 4007 426 4092 uirgine
448 4007 553 4072 maius
576 4016 654 4087 erat,
678 4018 877 4074 sternentem
899 4011 1036 4075 uulnere
1059 4011 1162 4096 primo

212 4185 317 4247 quam.
361 4162 461 4227 immo
478 4181 583 4239 ovans.
629 4185 707 4248 aper
722 4165 809 4229 enim
826 4174 905 4242 erat,
918 4187 959 4229 ne
975 4165 1080 4230 dicam
1096 4165 1136 4229 de
1152 4164 1308 4229 feminino

146 4287 264 4351 genere
280 4265 502 4331 inconcinnius
518 4276 552 4332 et
568 4267 783 4353 subambigue
799 4268 851 4333 hic
867 4275 1032 4355 usurpato.
1077 4289 1175 4352 quam
1190 4266 1308 4332 Iacobo

148 4389 279 4456 quoque
293 4368 468 4456 displicuit.
