3074 5092
537 348 660 410 SILVA
690 349 947 408 MANILIANA.
1014 389 1016 392 ψ
1287 347 1326 404 25

165 529 274 594 reddit
303 530 390 595 linea
419 530 598 596 summanr?
658 531 730 616 lege
755 539 951 597 consumunt
977 530 1062 615 quod
1086 529 1224 594 uerbum
1252 549 1325 592 curn

165 635 372 701 consumendo
407 634 605 719 permiscent
640 634 764 698 codices
797 635 851 717 (cf.
881 651 895 696 1
927 636 999 712 569,
1029 649 1067 696 lv
1098 633 1185 716 251).
1239 631 1326 695 haud

166 737 322 803 dissimile
353 738 435 803 illud
467 738 643 803 ‘decimam
675 759 903 802 consummans
930 737 1071 822 septima
1096 737 1254 821 partem’3
1288 735 1326 798 cf.

168 845 268 908 etiam
283 860 322 908 lv
339 846 410 909 159.

234 997 262 1044 11
279 979 341 1047 570
356 1004 424 1067 sqq.

300 1126 359 1168 nec
382 1103 450 1168 sola
472 1111 522 1168 est
543 1103 627 1168 ratio
649 1125 734 1188 quae
756 1102 814 1167 dat
837 1103 1046 1168 nascentibus
1069 1123 1159 1166 arma

300 1207 400 1293 inquc
423 1209 534 1272 odium
556 1215 693 1294 generat
717 1221 830 1293 partus
854 1214 887 1272 et
910 1217 1027 1271 mutua
1049 1207 1153 1285 uelle;

301 1312 358 1377 sed
380 1312 573 1398 plerumque
596 1321 731 1377 manent
753 1312 886 1377 inimica
909 1313 1008 1377 tertia
1029 1333 1178 1397 quaeque

300 1417 373 1504 lege
395 1418 430 1481 in
453 1426 675 1482 transuersum
699 1418 796 1482 uultu
819 1419 926 1482 defixa
947 1417 1098 1502 maligno.

236 1555 265 1611 et
280 1556 392 1612 muco
409 1547 496 1613 uelle.
539 1547 640 1611 immo
656 1564 730 1612 555
741 1556 855 1613 mutuo
870 1549 950 1614 ualle
965 1548 1029 1625 uel,
1044 1548 1131 1633 quod
1147 1546 1262 1611 fortius
1275 1553 1332 1622 est,

171 1659 200 1716 et
214 1658 326 1714 mutua
342 1650 450 1730 Nollc3
476 1651 516 1714 de
533 1650 673 1714 inimicis
689 1651 779 1715 enim
795 1674 899 1716 sermo
915 1660 1005 1717 totus
1021 1660 1078 1716 est.

223 1888 225 1894 Ι
239 1811 267 1859 11
284 1793 346 1860 679
363 1817 407 1881 55.

305 1916 384 1979 haec
406 1914 448 1979 ad
471 1914 631 1979 amicitias
654 1914 822 1981 imitantes
844 1916 917 1981 iura
938 1917 1139 2001 gradumque

304 2020 471 2107 sanguinis
493 2026 593 2105 atque
617 2020 735 2084 animis
757 2021 926 2086 haerentia
948 2031 1078 2107 pectora
1101 2023 1233 2086 ducunt.

239 2147 357 2212 animis
377 2148 542 2213 haerentia
558 2157 690 2232 pectora
710 2148 851 2212 absurda
871 2157 957 2225 sunt,
973 2149 1058 2213 sient
1077 2150 1149 2213 uisa
1167 2148 1336 2227 Bentlei03

174 2251 310 2316 haerent
331 2251 418 2315 enim
441 2252 629 2337 pectoribus
652 2253 764 2328 animi,
786 2276 851 2316 non
873 2253 992 2317 animis
1013 2263 1152 2338 pectora.
1197 2252 1336 2338 foedera

175 2356 230 2420 illc
245 2358 424 2441 scripserat.
467 2357 571 2440 magis
587 2356 694 2441 placet
705 2373 877 2442 ponnnro,
894 2357 962 2422 coll.
980 2360 1052 2433 956,
1070 2374 1093 2420 v
1109 2359 1182 2434 452,
1198 2357 1292 2441 Prop.
1306 2359 1334 2420 2.

177 2462 226 2525 25.
244 2463 295 2523 22.

241 2591 348 2654 [1886
365 2610 435 2674 sqq.

307 2709 456 2796 quocirca
478 2708 616 2773 minime
641 2709 760 2773 mirum
783 2709 811 2774 si
833 2710 981 2794 proxima
1003 2732 1130 2774 summo

307 2822 407 2900 atque
430 2813 544 2878 eadem
568 2813 704 2877 interior
727 2815 915 2880 ueneranda
937 2823 1022 2880 sorte
1045 2816 1173 2879 dicatur

309 2917 362 2982 cui
386 2917 505 2981 titulus
528 2917 615 2982 felix.
661 2938 794 2981 censum
818 2919 864 2982 sic
886 2919 1035 3004 proxima
1058 2919 1175 2984 Graiae

308 3029 418 3086 nostra
440 3020 530 3085 subit
554 3021 687 3107 linguae
710 3022 877 3106 uertitqne
899 3045 919 3087 a
941 3023 1073 3088 nomine
1095 3046 1221 3088 nomen.

244 3168 273 3210 5.
295 3148 359 3210 888
380 3152 413 3207 et
435 3165 470 3207 rc
488 3150 523 3206 et
542 3141 705 3207 locutione
725 3165 898 3228 peruersus
917 3153 972 3209 est.
1019 3167 1095 3208 narn
1120 3145 1233 3210 titulus
1250 3145 1339 3231 felic

177 3252 265 3328 falso,
295 3271 421 3316 censum
449 3247 533 3312 subit
562 3247 675 3333 inepte
705 3248 833 3312 dicitur.
893 3249 970 3313 uitii
998 3250 1123 3335 gemini
1157 3250 1337 3314 remedium

178 3356 316 3441 simplex
347 3353 410 3417 erit
436 3353 463 3416 si
490 3352 535 3417 sic
559 3352 748 3417 rescribitur
775 3352 845 3417 ‘cui
870 3353 987 3417 titulus
1011 3353 1089 3418 felix
1114 3370 1247 3418 Gnnlvs.
1294 3354 1339 3418 sic

178 3459 325 3546 proxima
355 3455 472 3521 Graiae
504 3454 508 3543 l
540 3464 652 3520 nostra
681 3457 770 3520 subit
800 3457 932 3542 linguae
964 3457 1127 3543 uertitque
1157 3480 1177 3522 a
1207 3458 1338 3522 nomine

178 3562 315 3629 nomen?
359 3561 406 3626 sic
422 3561 586 3625 Firmicus
601 3577 629 3624 ΙΙ
646 3564 687 3624 22
704 3561 907 3646 ‘appellatur
921 3570 1033 3625 autern
1050 3561 1102 3625 hic
1117 3561 1206 3626 locus
1218 3583 1238 3625 a
1248 3561 1342 3626 nobis

179 3668 283 3733 bonus
297 3667 444 3743 daemon,
460 3665 513 3730 uel
529 3665 633 3730 bonus
645 3666 766 3750 panius,
781 3689 800 3730 a
816 3666 946 3731 Graecis
962 3689 1039 3731 uero
1055 3664 1181 3750 ἀγαθὸς
1199 3665 1337 3750 δαίμων.

245 3812 320 3855 mox
335 3796 491 3853 secuntur
505 3787 545 3851 de
562 3809 600 3851 ea
615 3787 691 3851 sede
707 3809 791 3872 quae
807 3787 1023 3852 exaduersum
1039 3787 1179 3872 priorem
1196 3788 1261 3852 sita
1277 3798 1328 3851 est

249 3922 355 3984 11891
374 3941 441 4004 sqq.

313 4041 389 4106 huic
404 4040 439 4105 in
455 4061 645 4125 peruersum
661 4037 776 4103 similis
792 4038 919 4102 deiecta
934 4039 994 4103 sub
1010 4037 1087 4102 orbe

315 4146 444 4231 imaque
461 4143 619 4208 submersi
636 4144 826 4228 contingens
842 4142 979 4207 fulmina
1000 4143 1122 4219 mundi,

314 4250 450 4314 aduersa
472 4271 557 4334 quae
579 4256 673 4332 parte
695 4247 798 4312 nitet'
819 4256 848 4313 ct
869 4270 895 4332 q.
919 4270 943 4311 s.

250 4374 329 4439 5555
345 4371 590 4459 peruersissima
606 4380 691 4436 sunt.
734 4372 836 4436 scribe
851 4371 886 4435 in
904 4387 1155 4436 Tfflsuersum.
