3074 5092
234 358 271 416 32
607 360 727 420 SILVA
757 358 1016 420 MANILIANA.

237 544 323 608 senis
357 544 452 609 modo
489 544 640 610 messibus
678 545 818 630 peractis
838 543 844 632 l
862 545 918 609 uix
956 566 1060 609 unum
1093 567 1175 628 puer
1209 541 1394 629 applicabat

235 649 374 714 annum?
419 649 569 713 Martiale
594 649 675 712 duce
702 648 860 714 mansibus
888 647 1000 724 abicio,
1024 647 1177 714 messibus
1206 647 1391 731 amplector.

235 750 347 815 eodem
373 752 454 816 duce
477 753 623 836 applicat
648 752 732 836 quod
756 752 789 815 in
811 775 841 816 u.
868 755 930 817 615
954 751 1079 816 codices
1106 750 1262 815 exhibent
1282 759 1394 816 contra

236 852 422 915 Bentleium
435 853 574 938 ampliat
585 853 746 936 legentem
763 862 903 918 tuemur.
942 852 1021 937 quid
1036 853 1071 916 in
1085 852 1150 915 fine
1166 851 1263 915 huius
1279 875 1393 918 uersus

235 978 292 1041 pro
308 957 411 1021 auctis
426 956 522 1019 scribi
538 956 656 1020 debeat
672 956 759 1020 haud
776 957 810 1020 in
825 965 976 1041 promptu
995 964 1045 1020 est
1060 955 1211 1020 iudicare.
1256 956 1393 1021 fortasse

234 1069 321 1124 recte
337 1082 370 1124 se
386 1059 486 1125 habet
500 1083 621 1125 anuum
636 1060 721 1145 quod
737 1059 875 1124 coniecit
889 1059 985 1123 idem.
1031 1058 1118 1144 quod
1141 1059 1165 1122 si
1187 1059 1266 1123 duos
1281 1083 1393 1126 aaarsaa

161 1194 170 1208 ·
235 1165 328 1246 (610)
342 1164 450 1248 spatia
470 1164 564 1246 (615)
579 1172 613 1227 et
629 1163 715 1248 quod
731 1163 909 1226 maximum
927 1171 985 1239 est,
1000 1169 1090 1227 actas
1103 1161 1181 1226 solis
1196 1163 1290 1246 (595)
1305 1164 1390 1247 quod

234 1290 308 1332 curn
330 1267 441 1331 Ellisio
467 1276 554 1331 recte
578 1265 793 1351 amplectaris,
817 1265 993 1329 contuleris
1018 1265 1104 1328 haud
1129 1267 1194 1329 scio
1218 1289 1260 1329 an
1282 1268 1392 1352 potius

234 1370 406 1454 legendum
423 1378 518 1455 putes
534 1387 663 1435 aarum.
706 1369 819 1434 eodem
839 1369 932 1433 modo
953 1369 1039 1453 apud
1062 1368 1249 1433 Lucretium
1265 1352 1288 1432 u
1307 1373 1392 1435 1330

234 1474 402 1539 ‘adactus’
418 1475 453 1538 in
469 1475 661 1539 ‘adauctus'
678 1483 866 1560 corruptum
883 1481 940 1538 est.

299 1577 444 1642 Huetius
473 1588 568 1655 recte,
599 1587 637 1642 ut
669 1577 809 1655 uidetur,
840 1578 1060 1662 quadragenos
1089 1599 1146 1662 pro
1178 1577 1394 1663 quadruplaris

234 1682 304 1764 (uel
313 1704 388 1745 -aas
397 1690 436 1746 ut
447 1682 502 1763 Vr)
512 1680 654 1745 dederat.
678 1682 798 1767 pendet
810 1690 920 1747 tamen
934 1680 1016 1745 illud
1027 1681 1061 1745 ia
1073 1691 1162 1746 aetus
1177 1705 1282 1767 neque
1293 1682 1393 1746 habet

234 1808 298 1870 quo
313 1784 478 1849 referatur.
523 1807 580 1870 pro
597 1794 667 1850 erat
682 1785 783 1849 scribe
799 1802 865 1848 111
880 1785 966 1870 quod
982 1785 1017 1848 in
1032 1795 1102 1850 erut
1116 1808 1219 1871 paene
1232 1808 1392 1871 nusquam

235 1911 254 1952 a
275 1888 463 1953 Manilianis
485 1888 577 1953 libris
597 1911 661 1952 non
682 1899 869 1972 corruptum
891 1898 948 1953 est.
994 1912 1034 1954 ne
1055 1889 1090 1953 in
1111 1898 1178 1955 ‘eat
1199 1891 1261 1954 nisi
1276 1892 1392 1956 desaet’

236 1993 376 2058 offensus
397 1994 515 2058 frustra
530 1994 610 2059 desit
625 1994 770 2070 conicias,
787 1995 867 2057 haec
883 2004 917 2058 et
932 1993 1051 2058 similia
1067 1995 1273 2080 frequentare
1288 1996 1393 2060 solent

236 2106 359 2183 poetae,
386 2107 425 2161 ut
454 2097 559 2162 Plaut.
586 2097 656 2161 Mil.
691 2101 774 2164 1356
804 2099 849 2162 ‘si
875 2098 923 2163 ita
949 2098 1011 2162 tibi
1035 2099 1198 2164 sententia
1222 2111 1306 2176 esset,
1331 2102 1393 2166 tibi

235 2205 355 2268 seruire
370 2202 539 2268 mutuatim?

301 2307 498 2393 templorum
514 2305 657 2370 condicio
678 2328 718 2371 ea
737 2327 806 2370 esse
827 2305 961 2369 uidetur
974 2316 1013 2370 ut
1027 2306 1063 2369 in
1078 2306 1136 2370 tris
1152 2306 1268 2371 classes
1288 2307 1394 2372 diuidi

236 2412 368 2498 possint,
383 2412 418 2477 in
437 2434 574 2498 quorum
591 2411 728 2496 singulis
743 2409 873 2475 diuersa
888 2410 1013 2475 ratione
1029 2410 1216 2476 decrescant
1231 2413 1368 2478 numeri.

575 2581 589 2630 I
607 2580 705 2631 Olassis
884 2581 912 2630 ΙΙ
930 2582 1027 2632 Classis
1186 2583 1228 2633 III
1246 2585 1344 2634 Classis

530 2674 549 2737 I
623 2671 665 2737 78
842 2672 873 2736 V
945 2677 986 2739 68
1128 2675 1178 2738 IX
1249 2678 1290 2740 42

518 2776 553 2840 II
628 2775 667 2842 77
833 2776 883 2840 VI
943 2780 984 2843 63
1139 2779 1171 2842 X
1250 2783 1291 2845 23

508 2882 564 2946 ΙΙΙ
623 2880 664 2947 76
821 2881 890 2945 VII
947 2885 986 2946 57
1129 2884 1180 2948 XI
1250 2889 1291 2950 13

511 2986 561 3050 1v
612 2983 683 3070 [72]
816 2986 902 3050 vm
948 2990 989 3050 so
1120 2988 1190 3052 rm
1258 2990 1306 3074 [a]

303 3128 492 3214 priusquam
524 3153 543 3194 a
579 3132 647 3196 loco
682 3131 853 3208 discedam,
884 3133 1083 3197 monendum
1114 3142 1164 3199 est
1194 3134 1394 3220 Scaligerum

238 3232 332 3297 illum
359 3256 554 3320 magnopere
578 3236 613 3298 in
635 3234 767 3321 septimi
788 3237 903 3322 templi
921 3257 1056 3301 numero
1082 3260 1203 3303 errasse
1227 3262 1303 3304 cum
1326 3248 1396 3306 ‘ter

238 3337 368 3403 uicenos
397 3339 555 3423 geminat'
585 3339 680 3425 quasi
710 3357 783 3404 cxx
812 3363 913 3405 annos
945 3342 1095 3420 efficeret,
1116 3343 1394 3431 interpretaretur,

238 3441 359 3507 oblitus
385 3444 507 3509 scilicet
531 3445 567 3509 in
593 3446 764 3530 tergemino
790 3444 939 3532 Geryona
961 3468 1026 3511 non
1049 3469 1105 3512 sex
1129 3448 1277 3514 homines
1297 3451 1396 3516 fuisse

236 3545 293 3610 sed
314 3553 388 3613 tres.

269 2800 457 2911 (Oardines)

302 3693 436 3776 1v6sq.

368 3819 601 3906 pauperiorque
623 3818 717 3884 bonis
738 3820 876 3906 quisque
898 3829 948 3887 est
970 3845 1034 3908 quo
1056 3823 1152 3908 plura
1173 3827 1308 3912 requirit

367 3945 428 3987 neo
443 3923 529 4009 quod
544 3924 643 3989 habet
658 3933 818 4002 numerat,
833 3935 964 3991 tantum
980 3927 1065 4012 quod
1081 3951 1146 3993 non
1161 3929 1262 4021 habet
1277 3941 1378 4018 optat.

303 4084 323 4125 a
342 4061 500 4147 principio
525 4060 599 4125 libri
623 4084 726 4146 usque
751 4063 791 4126 ad
813 4085 844 4128 u.
867 4066 907 4127 12
929 4064 1027 4128 finem
1048 4074 1146 4150 poeta
1168 4066 1202 4130 in
1225 4068 1393 4135 hominum
1478 4135 1483 4143 ,

239 4166 414 4231 stultitiam
430 4165 588 4231 inuehens
603 4166 873 4254 interrogationes
888 4167 983 4233 solito
998 4177 1161 4235 oratorum
1177 4173 1315 4238 artificio
1326 4176 1395 4240 uel-

238 4278 277 4334 ut
288 4269 553 4355 indignabundus
569 4270 762 4353 frequentat.
800 4271 842 4336 ab
858 4271 918 4336 hac
933 4273 1089 4338 orationis
1103 4274 1138 4339 ui
1153 4284 1253 4361 atque
1265 4288 1396 4344 conten-

239 4373 327 4438 tione
346 4374 431 4439 color
446 4373 563 4438 horum
578 4395 742 4452 uersuum,
757 4376 883 4462 placide
904 4377 982 4462 quid
1003 4378 1131 4464 placeat
1152 4382 1396 4466 exponentium,
