3074 5092
183 366 222 428 58
556 371 679 432 SILVA
709 367 965 432 MANJLJANA.

190 553 400 641 Wortformen
415 553 475 619 sub
490 556 589 621 uerbo
605 557 780 623 arcitenens
835 559 899 623 268
918 555 1028 642 partis
1080 555 1222 622 3101010
1277 553 1340 619 317

177 659 317 746 finisque
346 682 420 724 cum
451 659 614 746 Lipsiensi
644 661 716 725 aliis
775 663 839 726 319
865 661 975 746 portis
1034 663 1095 726 341
1128 659 1273 746 adfectas
1309 668 1343 724 et

184 761 304 826 similia
325 761 405 827 alibi
458 763 803 848 342101000100111
858 762 1004 829 3491010
1057 766 1120 828 398
1143 763 1286 829 submoto
1309 769 1343 826 et

185 866 305 931 similia
324 866 402 931 alibi
462 869 525 931 423
547 867 598 933 Ne
618 875 705 932 00010
764 869 828 932 449
843 867 919 953 fers
937 867 1047 934 stellas
1062 868 1115 951 (cf.
1130 867 1190 954 fer
1209 866 1257 943 Ι),
1271 865 1343 952 fert

184 970 283 1035 ceteri
298 970 385 1055 quod
401 993 421 1034 a
437 993 513 1036 uero
529 971 657 1056 longius
673 971 780 1056 abest)
825 971 887 1038 507
904 972 1051 1058 orporea
1067 971 1142 1055 (sic)
1187 972 1252 1037 624
1269 992 1341 1056 que·

184 1073 267 1139 00110
282 1074 416 1138 fortasse
432 1081 519 1139 recte
565 1078 628 1140 633
644 1075 800 1162 Scorpios.

251 1193 292 1240 111
321 1181 383 1242 133
413 1178 556 1243 00101010
586 1187 672 1243 recte
733 1182 795 1245 140
825 1179 993 1256 calecado,
1018 1178 1048 1245 h.
1076 1201 1103 1243 0.
1129 1177 1296 1254 ualetudo,
1322 1199 1343 1240 0

185 1279 291 1365 prima
313 1302 411 1343 manu
473 1280 533 1345 187
552 1289 605 1346 tun
622 1303 680 1367 pro
702 1290 777 1357 turn,
792 1290 831 1346 ut
851 1282 926 1359 uid„
941 1281 1027 1368 quod
1050 1280 1168 1346 melius
1229 1279 1292 1344 278
1308 1287 1342 1344 01

187 1386 249 1450 526
279 1392 431 1471 sequntur
456 1392 490 1448 01
516 1384 551 1448 10
611 1388 673 1450 516
704 1395 859 1463 secantur,
882 1396 1057 1472 utrumque
1084 1385 1221 1471 probum
1278 1387 1341 1449 316

186 1498 323 1574 quoquot
382 1491 443 1552 325
472 1511 625 1555 conetense
651 1491 722 1555 fort.
743 1498 830 1556 recte
890 1494 953 1556 332
981 1491 1101 1556 11001100
1122 1499 1187 1557 0010
1209 1490 1342 1575 propius

186 1614 263 1656 uero
278 1614 377 1677 quam
392 1593 478 1677 quod
495 1593 596 1657 001001
611 1593 735 1658 habent
779 1598 843 1660 492
854 1595 971 1681 partis.
1217 1663 1220 1667 ,

252 1712 290 1759 lv
315 1698 356 1760 13
379 1719 438 1781 qne
459 1686 549 1777 ‚iellis
571 1695 615 1760 sic
643 1696 677 1760 in
700 1699 873 1783 archetypo
896 1698 1053 1784 scriptum
1076 1720 1145 1762 esse
1168 1719 1227 1782 que
1252 1696 1344 1762 rellis

187 1799 430 1865 euidentissime
460 1802 699 1866 demonstratur
759 1804 945 1869 iterantis
1004 1807 1067 1868 154
1094 1802 1232 1889 gracilis
1280 1804 1343 1866 254

187 1905 286 1972 noetis
342 1909 403 1972 269
422 1906 591 1992 pontisque
644 1910 708 1972 304
729 1930 818 1974 00000
839 1917 876 1972 01
896 1909 977 1973 0001.
999 1909 1144 1995 Scaliger
1199 1910 1264 1971 514
1286 1906 1344 1972 titi

188 2016 274 2074 recte
335 2011 398 2075 594
428 2009 544 2075 similis
574 2018 660 2075 recte
683 2014 772 2093 (cum
799 2011 891 2088 V2L
920 2011 948 2076 si
974 2011 1054 2076 fides
1088 2011 1219 2094 Iacobo)
1279 2013 1340 2075 601

187 2113 321 2179 derectis
336 2123 422 2177 00010
437 2115 475 2177 cf.
492 2136 575 2198 quae
590 2136 689 2199 supra
703 2115 932 2180 adnotauimus
947 2120 991 2199 (p.
1008 2116 1065 2197 21)
1118 2117 1180 2180 625
1195 2113 1344 2199 saperetis
1424 2167 1429 2177 .

187 2217 216 2281 h.
234 2239 260 2282 0.
277 2216 433 2303 fugientis
480 2221 541 2283 669
564 2218 703 2285 harenas
748 2218 807 2284 727
832 2219 973 2305 uirginis
987 2219 1019 2285 h.
1034 2241 1061 2285 0.
1077 2218 1343 2304 1001900000υο

188 2343 285 2405 quam
309 2320 444 2405 irriguis
497 2319 561 2385 728
584 2321 749 2388 harenosis
806 2322 869 2388 740
891 2322 1076 2409 elephantos
1095 2321 1284 2398 rectissime,
1305 2321 1342 2386 cf.

188 2423 355 2509 elephanta
369 2440 393 2487 V
409 2422 472 2489 706
518 2424 581 2489 754
597 2424 722 2490 arabas.

184 2543 185 2546 ’
253 2544 277 2591 v
295 2530 335 2590 23
352 2525 584 2591 Andromedan
636 2530 678 2592 34
694 2527 798 2593 uisere
813 2537 899 2592 00010
918 2536 1084 2613 receperat
1103 2527 1145 2592 ab
1165 2527 1238 2592 aliis
1258 2527 1344 2592 codi-

188 2631 278 2696 cibus
294 2630 463 2695 Bentleius
508 2633 550 2694 80
567 2630 701 2696 oblicum
748 2634 810 2695 122
826 2631 957 2696 tenentis
995 2639 1029 2695 01
1045 2634 1107 2695 219
1123 2653 1221 2717 qnam
1237 2653 1290 2696 neo
1306 2639 1344 2696 01

189 2735 364 2798 Vossianus
382 2735 472 2799 alter.
516 2736 622 2800 fuerat
645 2736 679 2798 in
701 2735 876 2819 archetypo
891 2733 931 2812 nl,
947 2735 1006 2799 hoc
1022 2743 1071 2799 001
1086 2735 1153 2799 nisi
1167 2735 1254 2820 quod
1270 2757 1344 2799 con-

188 2839 265 2903 iecit
280 2838 500 2925 Rossbergius.
545 2839 605 2904 hoc
621 2848 653 2902 n⁶
668 2839 698 2904 h.
709 2861 735 2903 e.
751 2861 805 2905 nee
821 2839 950 2903 librario
967 2839 1073 2902 uisum
1090 2848 1140 2903 001
1186 2842 1249 2904 280
1264 2840 1345 2905 aclis

191 2944 220 3008 h.
241 2965 266 3007 e.
290 2942 373 3007 artis
429 2944 491 3007 283
513 2943 682 3028 pendentis
737 2945 802 3008 324
825 2951 960 3019 staenae,
984 2941 1019 3006 in
1043 2943 1222 3027 exemplari
1246 2943 1344 3008 fuisse

187 3069 320 3112 scaenae
335 3047 405 3110 luce
421 3045 538 3110 clarius
554 3054 603 3111 est
643 3050 708 3110 452
720 3048 834 3112 mentis
872 3045 933 3111 477
951 3046 1144 3124 0500001000
1159 3055 1208 3111 001
1225 3047 1346 3112 chartis

190 3154 250 3216 681
274 3149 401 3215 Vmoris
446 3153 509 3215 684
525 3159 703 3236 quoqueret.

254 3276 338 3340 quae
361 3254 396 3318 in
418 3253 525 3318 codice
548 3254 728 3319 secundum
757 3263 906 3320 ueterum
934 3277 1079 3319 normam
1107 3253 1228 3338 scripta
1254 3252 1345 3318 exhi-

188 3359 315 3433 bentur,
339 3368 376 3423 01
399 3357 535 3444 ‘partis'
563 3359 689 3423 ‘umor'
711 3359 838 3437 similia,
863 3359 989 3444 quode
1011 3380 1129 3443 genere
1151 3358 1246 3442 plura
1269 3355 1345 3422 uide

188 3464 274 3550 apud
292 3464 441 3529 Ellisium
457 3464 489 3528 in
508 3464 751 3528 Hermathenae
767 3464 835 3528 loco
850 3464 959 3540 011010,
968 3464 1009 3528 01)
1025 3463 1094 3548 ipso
1109 3461 1241 3526 librario
1256 3471 1344 3526 certe

188 3592 253 3634 non
279 3577 507 3655 prouenerunt.
553 3590 630 3632 nam
655 3591 698 3633 ne
726 3568 931 3633 mediocriter
956 3567 1089 3653 quidem
1120 3567 1235 3632 doctus
1264 3574 1344 3632 erat.

188 3673 300 3760 itaque
315 3696 373 3760 pro
389 3675 508 3759 insigni
525 3673 601 3738 fidei
616 3695 653 3737 00
671 3673 828 3738 bonitatis
846 3680 1038 3758 argumento
1058 3680 1142 3736 sunt.
1187 3670 1244 3735 sed
1262 3669 1345 3735 illud

189 3779 287 3843 etiam
312 3777 471 3865 insignius
494 3778 580 3863 quod
603 3778 637 3841 in
660 3800 698 3842 eo
720 3777 790 3863 ipso
813 3777 882 3841 loco
904 3799 968 3862 quo
991 3776 1154 3861 quadrata
1175 3797 1233 3860 per
1258 3797 1345 3840 ccm-

188 3881 344 3967 pendium
371 3889 441 3949 [lta
464 3881 619 3966 scriptum
644 3902 711 3946 esse
734 3880 990 3965 ingeniosissime
1013 3880 1219 3944 diuinauerat
1242 3879 1345 3943 Bent-

188 3987 270 4051 leius
293 3987 335 4069 (11
359 3988 437 4070 290)
456 3985 656 4051 Matritensis
680 3986 789 4049 ‘Haec
846 3983 898 4049 ta'
920 3984 1063 4069 praebet,
1085 3984 1222 4070 largiore
1244 4005 1343 4068 quam

188 4091 274 4176 quod
290 4092 372 4156 solet
387 4091 492 4176 spatio
508 4092 593 4155 inter
613 4089 728 4155 ‘haec'
744 4099 778 4155 et
793 4090 862 4155 ‘ta’
879 4089 999 4156 relicto.
1037 4089 1101 4153 hnc
1116 4088 1242 4153 accedit
1257 4088 1343 4174 quod

188 4195 221 4257 in
238 4211 276 4259 lv
293 4194 366 4273 745,
378 4195 435 4259 ubi
451 4195 538 4260 idem
554 4194 724 4259 Bentleius
741 4193 929 4279 Capricorni
945 4202 1055 4259 notam
1076 4204 1110 4258 Vr
1128 4214 1184 4277 pro
1201 4191 1346 4277 Capram

186 4298 339 4383 scriptam
355 4322 374 4363 0
389 4299 528 4364 librariis
546 4307 731 4383 corruptam
746 4319 816 4362 esse
832 4297 1021 4374 coniecerat,
1036 4295 1090 4361 hic
1110 4295 1211 4361 codex
1228 4295 1346 4371 0001010,

186 4401 221 4465 10
237 4424 301 4488 quo
313 4403 394 4467 latet
405 4403 520 4467 notula
531 4402 571 4466 de
584 4399 660 4466 sede
672 4423 732 4466 000
742 4401 777 4464 10
788 4401 929 4466 alienam
941 4399 1145 4486 transposita,
1157 4397 1345 4462 fidelissime
