3038 5078
562 967 565 972 ’
617 1003 870 1079 runicus

436 1287 461 1345 Ι.
505 1285 663 1343 RERVM
692 1284 744 1341 ET
772 1283 1027 1342 VERBORVM.

151 1522 181 1556 aa
193 1510 218 1556 st
230 1514 254 1556 et
266 1506 294 1555 in
306 1523 330 1555 ne
340 1508 461 1569 corrupta
475 1522 503 1556 21
787 1501 869 1565 spurii
880 1506 927 1552 aut
935 1503 1049 1565 suspecti
1060 1517 1152 1552 uersus
1160 1507 1183 1564 8,
1198 1521 1224 1554 11
1237 1503 1308 1566 (bis),

152 1591 268 1639 accedere
280 1589 312 1639 de
323 1589 391 1639 mari
403 1607 436 1653 40
820 1600 859 1651 37,
872 1601 905 1648 43

151 1678 223 1721 actus
236 1670 313 1736 (solis)
326 1689 355 1737 37
786 1669 928 1717 ceterarum
951 1669 1157 1731 corruptelarum
1181 1683 1310 1718 summar-

152 1756 286 1804 adiuratue
297 1753 439 1804 uoxdubia
452 1756 483 1806 76
494 1770 519 1803 n.
820 1749 876 1799 ium
888 1766 919 1817 59
932 1764 988 1812 sqq.

152 1835 310 1885 adsonantss
321 1835 361 1887 bis
373 1836 422 1885 sibi
434 1851 509 1887 uoces
521 1841 552 1888 78
755 1847 847 1881 saraae
858 1834 999 1894 quadripes
1012 1834 1027 1884 6

151 1918 266 1979 aequalis
278 1918 304 1966 et
315 1923 340 1966 et
351 1919 435 1979 qualis
446 1918 555 1967 confusa
567 1918 599 1980 64
758 1917 854 1977 Cypria
865 1929 912 1977 pro
925 1915 1023 1964 Venere
1035 1933 1066 1977 42

152 1997 280 2047 alchemia
293 1997 486 2049 in11249non
497 1999 618 2048 innuitur
633 2016 661 2049 12
755 1995 838 2045 datiui
851 1996 974 2046 audacior
987 2012 1051 2046 usus
1063 2013 1086 2063 9,
1102 1998 1131 2048 16
1145 2013 1170 2046 n.

151 2083 275 2130 animast
287 2083 387 2130 aninrus
402 2084 432 2131 18
754 2079 817 2127 Deci
831 2079 917 2144 (plur.)
929 2094 977 2141 pro
989 2081 1062 2128 Decii
1076 2093 1107 2143 47

151 2165 262 2213 Antares
275 2162 301 2227 (u
313 2163 422 2228 Seorpii)
436 2163 511 2213 stella
523 2165 554 2216 68
624 2212 627 2217 ,
755 2163 867 2220 deonna,
878 2164 1019 2212 undecuma
1032 2181 1063 2230 39

151 2248 267 2309 aplustra
278 2245 307 2294 in
318 2246 456 2307 naufragio
467 2266 499 2309 44
755 2244 866 2293 derectus
879 2261 918 2302 21,
932 2249 962 2309 58

151 2344 219 2378 arces
230 2343 276 2392 pro
288 2343 392 2378 summo
403 2328 513 2391 imperio
527 2346 558 2394 34
755 2328 920 2376 deueneratus
932 2328 1037 2390 pausiae
1051 2345 1080 2393 35

151 2427 231 2460 annos
242 2427 345 2460 onuare
359 2427 390 2475 50
755 2409 884 2459 &uincere
896 2425 943 2471 pro
955 2412 1085 2460 ausuras
1098 2413 1129 2477 67

152 2497 314 2556 arquitenens
327 2508 357 2559 57
755 2492 889 2542 discribere
902 2510 931 2556 41

151 2585 179 2625 at
190 2577 308 2638 sequitur
319 2592 478 2640 quancquara,
490 2579 538 2626 etsi
550 2594 579 2639 41
754 2571 844 2622 durius
860 2574 930 2624 dicta
945 2576 1015 2637 apud
1026 2576 1166 2625 Manilium
1179 2576 1264 2626 Praei.
1279 2593 1305 2640 p.

151 2662 241 2722 atquin
251 2674 298 2722 pro
310 2662 383 2722 atqui
395 2658 521 2720 scripturn
537 2674 566 2708 ιο
788 2655 813 2704 vi
825 2671 872 2719 sq.‚
886 2674 909 2724 9,
925 2677 962 2722 14,
979 2674 1008 2722 47

151 2742 208 2790 auri
219 2742 331 2791 artifices
342 2741 390 2790 suh
403 2740 560 2802 Capricorno
572 2744 634 2790 sunt
649 2758 676 2791 12
755 2754 775 2795 e,
788 2755 822 2797 ec,
836 2756 866 2789 ea
878 2755 936 2789 cum
948 2749 972 2790 et
984 2742 1093 2790 confusa
1107 2742 1138 2806 63

152 2826 189 2872 tis
201 2827 227 2873 et
238 2826 284 2872 uia
296 2823 365 2873 inter
376 2837 404 2872 se
415 2823 525 2873 confusa
537 2839 565 2887 31
754 2835 781 2869 ee
805 2822 873 2884 apud
896 2823 1038 2885 Vergilium
1062 2838 1191 2885 nusquam
1222 2828 1308 2874 exstat

151 2908 261 2969 capellus
278 2905 348 2968 apud
363 2905 446 2955 bonos
463 2908 582 2954 auctores
597 2919 652 2954 non
665 2920 705 2953 rs·
788 2902 819 2967 63
832 2918 855 2952 n

184 2989 284 3051 peritur
297 3006 328 3053 23
749 2986 769 3046 f
776 2988 836 3046 post
842 2986 863 3046 s
871 2984 967 3034 excidit
982 3003 994 3036 7

152 3071 236 3134 Capri,
259 3071 286 3120 h.
310 3087 332 3120 e.
356 3070 516 3134 Capricorni,
545 3074 608 3120 nota
634 3069 662 3118 in
687 3087 705 3118 a
755 3065 823 3115 ferae
834 3065 903 3115 inter
915 3067 1029 3129 sidera5

184 3157 305 3216 corrupta
317 3157 348 3218 58
749 3149 926 3209 fulciuurrtunc
936 3165 967 3212 45

150 3251 237 3299 capere
249 3251 289 3302 37,
303 3237 334 3301 67
749 3232 881 3291 funestare
893 3250 926 3295 40

150 3333 250 3380 carpere
261 3321 287 3367 et
298 3334 385 3381 rapere
397 3318 466 3367 inter
483 3333 510 3367 se
525 3318 705 3379 distinguntur
753 3317 862 3375 cautim
874 3320 899 3365 et
911 3318 1015 3365 cicadae
1028 3316 1097 3365 inter
1109 3331 1136 3365 se
1147 3318 1256 3368 confusa
1269 3336 1298 3384 35

189 3419 218 3466 14
753 3399 879 3457 seminare
892 3414 923 3462 37

149 3486 230 3533 citare
242 3483 284 3532 uel
295 3486 359 3533 ciere
371 3483 462 3532 durius
473 3483 573 3534 diarum
588 3503 616 3547 14
752 3479 913 3540 persiusfelia
922 3480 973 3541 (uel
981 3478 1067 3541 tonus)
1078 3480 1168 3541 ἀγαθὸς
1178 3482 1267 3540 δαίμων
1277 3497 1306 3545 75

150 3567 242 3616 cunda
247 3567 315 3630 sedes
327 3566 359 3615 56
753 3562 836 3621 aleria
846 3563 872 3610 et
882 3564 970 3623 pratia
980 3561 1089 3610 confusa
1101 3577 1130 3626 41

149 3648 303 3710 compendia
325 3647 454 3698 scribendi
474 3648 584 3698 confusa
604 3665 644 3707 77,
664 3664 703 3714 77,
754 3642 883 3703 glossema
893 3644 1080 3706 perantiquum
1095 3661 1124 3695 10

184 3745 252 3796 31a.
755 3726 832 3774 honen
846 3746 877 3789 44

149 3812 294 3875 composita
306 3827 322 3862 a
332 3812 449 3862 librariis
461 3812 587 3862 distracta
599 3812 631 3875 64
754 3811 879 3858 Horatius
890 3821 937 3870 pro
949 3807 1078 3859 adiectiuo
1090 3823 1121 3873 47

149 3909 316 3945 carnunrmare
330 3909 359 3956 25
754 3892 876 3940 iuncum
888 3889 1054 3939 substantiuo
1066 3891 1235 3942 coniunctum
1247 3910 1278 3957 47

149 3990 327 4026 ooaavrrums
344 3990 457 4026 comesu
474 3991 671 4026 nsumssnoavu
754 3973 888 4036 Illyricum
900 3973 1066 4036 scopulosum
1079 3992 1108 4036 41

182 4057 309 4121 deperditi
320 4073 411 4108 uersus
422 4080 463 4123 44,
475 4076 515 4125 49,
528 4059 559 4123 67
755 4059 793 4106 iu·
805 4056 833 4105 in
845 4057 904 4105 irinc
916 4058 1066 4118 corruptum
1079 4072 1110 4120 45

182 4143 298 4190 mutatae
310 4140 378 4190 sedis
391 4155 481 4190 uersus
753 4141 878 4189 incinctus
890 4154 950 4188 sum
962 4137 1112 4188 accusatiuo
1124 4155 1153 4200 41

214 4223 265 4286 alio
282 4223 473 4286 transponendi
493 4242 515 4282 7,
528 4245 552 4287 4,
566 4224 616 4287 5,6
633 4222 702 4288 (bis),
754 4222 896 4272 indicatiuo
918 4236 965 4284 pro
988 4221 1154 4270 subiunctiuo
1177 4221 1205 4270 in
1222 4222 1305 4284 philo·

281 4309 304 4367 8,
322 4323 359 4366 su,
376 4320 414 4370 13,
430 4321 457 4368 15
787 4304 928 4368 sophorum
939 4303 1135 4365 quaestionibus
1144 4307 1236 4367 poetae
1244 4307 1305 4355 ahu-

215 4387 328 4438 incertae
340 4388 408 4438 sedis
419 4406 443 4456 9,
457 4404 496 4453 33,
511 4401 540 4451 57
787 4390 880 4437 tuntur
895 4402 923 4452 19
936 4402 960 4436 n.
