3074 5092
188 370 228 431 70
672 363 861 428 INDICES.

186 555 347 606 iudicatiuua
353 571 400 619 pro
409 554 578 605 subiunctiuo
588 553 657 617 apud
667 554 740 602 Man·
785 559 884 619 praedc
895 557 1038 608 uarbalitcr
1048 563 1082 623 38

221 641 297 690 ilium
312 644 412 691 ilicum
425 656 450 688 a.

187 724 342 773 inflexiones
357 723 495 772 uerborum
511 721 580 770 intar
591 735 618 770 66
629 721 741 769 tranuito

221 822 237 856 a
247 805 360 855 librariis
371 810 500 867 coguntur
511 821 544 868 43

188 893 279 939 iuuare
292 905 323 954 63

188 974 300 1021 inuictus
311 975 448 1031 tamquam
460 986 477 1018 a
488 970 622 1018 uinciendo
634 984 673 1033 33,
685 968 717 1032 67

189 1058 271 1104 inuito
284 1053 384 1117 (alicui)
396 1070 447 1104 care
460 1070 490 1118 37

187 1140 304 1202 luppiter
314 1137 406 1186 durius
417 1138 516 1187 dictum
528 1153 559 1200 47

188 1224 244 1271 laur
256 1221 284 1269 in
296 1237 323 1270 re
334 1220 442 1270 militari
456 1221 486 1285 36

187 1308 242 1353 λεία
253 1302 393 1353 uerbalitcr
406 1308 437 1368 38
450 1320 475 1352 u.

188 1388 269 1436 libra
298 1385 341 1434 uel
370 1388 462 1435 Chelae
490 1400 536 1448 por
557 1383 740 1447 compendium

221 1469 349 1532 scriptum
362 1484 393 1535 59

187 1552 281 1602 Librae
304 1565 363 1600 xm
385 1550 481 1613 gradus
502 1564 555 1613 quo
576 1564 636 1599 cum
659 1548 742 1598 sidere

221 1634 322 1684 oriatur
333 1634 364 1697 67

188 1720 284 1767 locator
295 1731 343 1779 pro
354 1719 455 1766 6616666
467 1714 593 1777 scriptum
607 1730 620 1778 7

187 1799 339 1849 Lucretium
351 1798 472 1847 imitatur
483 1797 611 1846 Manilius
624 1800 662 1857 18,
678 1813 709 1861 33

188 1886 257 1932 lacta
269 1881 398 1944 Thyestae
409 1895 469 1929 cum
482 1879 552 1929 natis
564 1895 593 1942 56

187 1967 267 2025 crocia
279 1969 305 2013 et
316 1966 399 2012 minuc
411 1962 523 2011 confusa
536 1980 568 2027 34

187 2047 291 2097 Manilii
304 2046 335 2096 66
347 2044 453 2096 leminis
464 2044 590 2093 iudicium
604 2061 633 2094 66

187 2129 313 2180 Manilius
335 2128 500 2192 Propertium
522 2127 622 2176 imitari
638 2126 741 2176 uidetur

222 2231 261 2279 23,
274 2214 306 2277 46
318 2228 374 2274 ccc·

187 2299 279 2358 6666666,
294 2297 312 2345 i.
324 2311 348 2358 q.
362 2310 443 2344 66666
456 2309 487 2357 36

187 2382 257 2431 modo
268 2379 302 2429 ab
313 2383 390 2428 etiam
401 2380 537 2440 exceptum
549 2393 580 2440 47

188 2470 280 2512 6666666
293 2462 310 2510 i.
323 2476 347 2523 q.
361 2459 546 2523 Symplegados
557 2478 589 2522 44

188 2552 276 2594 coctio
288 2543 393 2606 paaaiue
405 2559 435 2605 56

188 2640 283 2675 mucre
295 2641 396 2688 operam
410 2642 438 2689 63

187 2723 253 2756 uarro
265 2723 338 2770 677666
351 2707 382 2770 36

188 2793 265 2838 notae
277 2789 410 2851 signorum
424 2787 594 2838 Zodiacorum
603 2804 619 2838 6
628 2787 741 2837 librariis

221 2871 290 2921 mala
303 2871 449 2921 intellectae
461 2875 492 2937 58

190 2958 211 3003 0
222 2954 285 3001 nota
296 2967 343 3015 pro
355 2952 430 3002 atella
442 2953 565 3002 Mercurii
581 2971 605 3003 66

185 3051 274 3099 poclm
284 3050 368 3097 7766666
382 3053 412 3087 10

188 3119 352 3181 planetarum
365 3118 464 3168 mentio
478 3132 491 3182 7

188 3204 278 3263 poetae
306 3200 439 3249 interdum
466 3201 581 3264 priorum
603 3202 682 3252 uerba
705 3219 741 3253 ae·

221 3287 324 3340 cuntur,
338 3297 391 3332 non
405 3284 549 3334 sententiaa
561 3286 593 3348 46

185 3366 292 3428 pondm,
306 3367 417 3427 pondero
429 3365 461 3415 66
474 3365 524 3416 fide
537 3383 568 3430 65

185 3449 272 3510 polluo
284 3463 316 3511 40

789 653 913 700 pracaena
934 641 1097 691 subiunctiui
1114 657 1176 692 cum
1195 643 1355 704 imperfecto

822 721 980 772 coniunctus
991 741 1022 788 36

790 807 890 866 quadra
902 824 933 867 64

790 889 942 949 quadratam
956 904 1003 952 par
1017 890 1202 952 compendium
1219 892 1353 953 scriptum

824 974 855 1033 58

790 1053 914 1114 quadrata
925 1068 974 1116 pro
983 1057 1162 1117 quadrarum
1169 1055 1284 1105 Manilio
1294 1072 1353 1107 non

823 1136 929 1198 ponitur
940 1155 972 1201 64
983 1153 1009 1188 a.

790 1219 978 1282 quoliazquod
989 1220 1051 1269 talis
1062 1221 1095 1282 65

790 1305 881 1364 quam!
894 1301 927 1350 ab
936 1305 982 1350 at!
996 1301 1169 1364 disunguitur
1183 1321 1213 1366 55

791 1392 900 1447 quantur
910 1399 959 1446 pro
970 1387 1108 1447 6666666166
1123 1386 1152 1436 66

790 1470 889 1517 ratione
899 1470 926 1517 et
937 1475 1044 1530 tenpore
1054 1469 1176 1529 opposita
1187 1473 1203 1520 8

791 1567 827 1601 re·
838 1550 997 1613 praepositio
1007 1549 1140 1600 intercidit
1151 1567 1184 1616 49

792 1641 891 1683 rectura
902 1649 933 1697 45

791 1719 908 1766 monaci
919 1715 1122 1778 improbandum
1135 1733 1166 1780 54

791 1807 874 1848 rotare
886 1805 965 1848 motas
977 1815 1010 1863 5ο

749 1929 755 1937 ,
791 1884 912 1945 aeporitua
924 1898 955 1947 37

789 1967 929 2028 sepulcrum
939 1963 971 2012 66
982 1963 1092 2014 comcaia
1103 1980 1132 2028 56

790 2051 813 2097 ai
824 2049 986 2111 geminatum
999 2063 1031 2112 39

791 2132 952 2191 σιγματισμὸς
964 2147 994 2195 36

789 2214 856 2276 rpoil
866 2213 1004 2262 uerbaliter
1016 2219 1047 2277 38
1059 2228 1083 2262 66

790 2297 896 2357 apolium
907 2293 1046 2343 uerbalitcr
1057 2296 1089 2359 38

791 2378 987 2441 σπονδειάζοντες
997 2375 1068 2438 apud
1079 2375 1218 2425 Manilium
1233 2393 1261 2428 11

790 2459 964 2522 dmm&

792 2541 937 2591 Stoicorum
948 2539 1073 2602 dogmata
1088 2556 1116 2603 ¹7

792 2622 939 2672 Stoicorum
950 2626 978 2673 τὸ
990 2625 1134 2684 ἡγεμονικόν
1148 2640 1176 2687 17

791 2720 838 2753 auo
847 2721 907 2767 pora
919 2719 967 2767 pro
978 2708 1019 2754 soi
1026 2722 1055 2768 p.
1067 2722 1083 2771 9

790 2804 838 2838 666
849 2803 896 2850 pro
907 2791 962 2838 cius
971 2787 1069 2838 falsarii
1082 2791 1096 2839 8

793 2873 872 2921 Titan
883 2872 911 2919 in
923 2871 1053 2934 Thpmtae
1063 2871 1148 2934 epulis
1162 2888 1193 2935 56

792 2955 917 3016 tricoccum
931 2972 960 3007 ro

792 3037 903 3100 Typhon
914 3037 1001 3087 alatus
1015 3054 1043 3101 15

792 3123 873 3172 uictor
884 3125 1018 3182 tamquam
1030 3134 1046 3168 a
1056 3120 1189 3170 circuiendo
1203 3136 1243 3185 33,
1256 3123 1290 3172 ci.
1302 3125 1334 3188 67

792 3205 877 3252 uidero
888 3217 935 3265 pro
946 3203 1019 3251 odire
1030 3201 1062 3264 46

792 3290 834 3336 uir
843 3301 891 3349 pro
904 3285 1041 3335 ‘uirilitatc
1054 3286 1095 3335 uel
1106 3287 1228 3337 libidine’
1240 3304 1272 3352 47
1286 3306 1311 3338 n.

794 3373 844 3418 -rtm
855 3384 909 3417 non
920 3368 1072 3430 producitur
1083 3370 1112 3418 in
1122 3369 1200 3419 hiatu
1213 3387 1243 3436 63

792 3468 856 3502 unua
868 3467 914 3515 pro
925 3452 1021 3514 66696666
1029 3454 1061 3503 29

614 3678 657 3737 ΙΙ.
701 3681 918 3742 LOOORVM.

654 3855 692 3915 A.
736 3857 880 3916 Marum.

189 4005 339 4053 ills-1³1
354 4021 366 4055 6

190 4099 198 4133 6
212 4087 258 4138 167
272 4106 286 4148 4

189 4182 198 4216 1
212 4170 257 4219 l7l
271 4185 309 4230 aq.
323 4187 336 4233 3
350 4185 378 4231 sq

189 4265 198 4299 1
211 4252 340 4301 cll-245
353 4270 380 4304 66

189 4334 267 4392 1260,
281 4333 329 4380 284
343 4350 369 4384 66

210 4414 258 4463 428
271 4429 308 4476 aq.
323 4431 335 4478 5

794 4027 803 4059 6
815 4013 944 4061 433-436
958 4029 971 4076 5

794 4107 804 4140 6
816 4092 946 4146 469-471
960 4111 988 4145 66

794 4191 804 4225 6
815 4177 944 4228 637-639
958 4194 987 4227 66

794 4274 803 4306 6
816 4261 864 4310 717
876 4277 906 4322 47

792 4356 802 4389 6
815 4341 883 4392 741-
896 4342 972 4392 7486

792 4439 802 4472 6
815 4426 945 4476 778-780
959 4442 987 4475 66
