3074 5092
240 407 279 464 42
613 405 737 467 SILVA
768 405 1028 467 MANILIANA.

304 613 362 677 pro
376 591 514 677 propior
534 593 704 658 Bentleius
719 595 855 680 proprio
874 594 1026 659 emendat
1045 591 1231 665 acutissime
1249 601 1284 657 et
1304 591 1402 656 leuis·

239 691 329 769 sime,
353 693 506 759 audacius
531 694 618 759 idem
646 718 719 782 -quc
743 705 867 775 ualuas,
892 697 978 782 quod
1001 705 1113 761 tuetur
1137 712 1175 759 Ν
1197 695 1260 759 752
1284 695 1402 760 ‘tellus

239 795 381 881 Aegypti
411 796 499 862 iussa
529 799 661 876 natare,'
691 799 724 862 in
753 800 898 884 quadem
927 798 1096 886 refingens.
1155 798 1233 863 ordo
1270 807 1400 864 tantum

238 899 412 964 uerborum
427 902 604 966 mutandus
621 911 670 967 est
685 914 724 967 ut
739 904 782 969 sit

369 1038 433 1102 iam
457 1039 553 1103 tellus
575 1039 768 1126 proprioque
790 1048 908 1105 natans
930 1040 1096 1128 Aegyptia
1118 1041 1197 1106 Nilo

304 1175 387 1240 ‘iam
403 1176 516 1240 tellus'
532 1178 656 1242 dictum
674 1186 711 1243 ut
727 1179 809 1242 ‘iam
826 1179 1113 1264 dea'Prop.1126.
1128 1182 1178 1244 10.
1217 1179 1295 1243 olim
1311 1179 1399 1244 eninr

238 1278 409 1365 Aegyptus
424 1278 551 1351 κόλπος
566 1281 636 1346 erat
652 1280 833 1362 θαλάσσης
848 1282 983 1366 (Herod.
1000 1299 1028 1346 11
1044 1286 1086 1348 10
1101 1290 1192 1368 sqq).

304 1443 343 1491 Ν
365 1428 427 1492 787
445 1450 512 1514 sqq.

368 1550 476 1614 insula
498 1550 682 1615 Trinacriae
705 1536 892 1615 fluitantem
915 1551 956 1617 ad
980 1551 1051 1617 iura
1074 1574 1214 1616 sororem

368 1652 577 1739 subsequitur
599 1653 729 1731 Creten,
751 1654 812 1719 sub
835 1654 948 1719 eodem
971 1655 1103 1720 condita
1125 1657 1235 1741 signo;

368 1757 579 1843 proximaque
602 1756 719 1822 Italiae
742 1766 776 1823 et
799 1757 892 1822 tenui
914 1758 1021 1823 diuisa
1042 1759 1203 1844 profundo

369 1881 424 1923 ora
446 1860 532 1945 paris
554 1860 702 1945 sequitur
724 1861 813 1947 leges
835 1884 894 1925 nec
918 1861 1022 1926 sidere
1044 1871 1143 1948 rupta
1165 1875 1222 1926 est.
1336 1863 1400 1928 790

305 1993 357 2060 hic
379 1995 485 2060 inesse
507 1997 723 2082 corruptelam
744 2020 840 2062 uerno
860 2020 925 2062 non
946 1999 1108 2064 concedat.
1154 1998 1401 2064 ‘Sicilia—hoc
1461 2010 1467 2019 ‘

239 2100 327 2165 enirn
342 2099 477 2164 dicit-'-‘
486 2102 547 2166 sub
568 2101 682 2166 eodem
701 2102 794 2187 signo
813 2112 863 2167 est
882 2113 981 2188 atque
1003 2102 1118 2182 Creta,’
1139 2103 1200 2167 sub
1221 2103 1401 2190 Sagittario

238 2204 370 2281 scilicet,
394 2227 466 2268 mox
490 2205 597 2290 pergit
620 2205 752 2270 ‘eadem
774 2207 881 2271 insula
903 2207 1003 2293 (quod
1031 2207 1179 2293 proxima
1205 2206 1322 2271 Italiae
1344 2229 1401 2272 ora

240 2310 304 2391 est)
324 2308 410 2394 paris
430 2309 518 2394 leges
540 2309 689 2394 sequitur
709 2309 861 2395 idemque
876 2310 966 2374 sidus
982 2310 1056 2393 (hoc
1076 2319 1126 2374 est
1141 2310 1290 2393 Libram)
1305 2310 1400 2375 colit?

240 2412 376 2477 uerbum
404 2435 469 2477 non
492 2412 632 2498 amplius
658 2412 785 2478 addam.
829 2422 922 2499 patet
944 2412 1046 2498 igitur
1070 2414 1259 2480 Trinacriae
1280 2437 1401 2479 nomen

239 2515 365 2581 insulae
402 2518 540 2582 alicuius
577 2539 757 2602 occupasse,
793 2517 878 2603 quod
917 2517 1070 2602 indagare
1109 2518 1301 2583 facillimum
1340 2527 1399 2584 est.

239 2640 338 2706 quam
354 2621 442 2685 enim
457 2643 556 2685 unam
572 2621 764 2706 praeterisse
785 2622 917 2686 uidetur
933 2621 1056 2708 Cypros
1076 2631 1134 2699 est,
1151 2624 1287 2689 Veneris
1307 2624 1400 2689 sedes

240 2724 415 2788 notissima.
463 2725 542 2788 haec
568 2748 587 2788 a
610 2725 795 2789 litterarum
822 2724 970 2810 uestigiis
995 2748 1060 2789 non
1087 2726 1229 2791 multum
1256 2728 1349 2793 abest
1373 2728 1400 2792 si

239 2851 297 2914 pro
323 2828 512 2893 Trinacriae
537 2827 700 2913 scripseris
727 2847 817 2905 QVIN
842 2847 1006 2894 erraras.
1054 2830 1177 2917 Cypria
1207 2832 1319 2897 Venus
1349 2843 1400 2898 est

241 2939 279 2996 ut
293 2931 381 3016 apud
397 2931 574 3007 Tibullum,
589 2931 647 3016 qui
662 2932 792 3010 dicitur,
807 2950 850 2997 111
867 2937 895 2998 3.
911 2937 962 2999 34.

306 3093 344 3139 Ν
368 3075 431 3142 794
447 3098 513 3162 sqq.

371 3207 471 3284 teque
494 3199 569 3263 feris
591 3198 724 3286 dignam
748 3208 889 3277 tantum,
911 3200 1096 3277 Germania,
1120 3210 1257 3266 matrem

371 3301 491 3366 adserit
513 3302 704 3388 ambiguum
727 3303 816 3368 sidus
839 3313 1008 3388 terraeque
1032 3303 1195 3389 marisque

371 3405 515 3470 aestibus
537 3405 676 3471 assiduis
698 3415 835 3492 pontum
859 3416 1027 3492 terrasque
1050 3417 1227 3473 tenentem.

307 3544 383 3608 siin
399 3567 428 3608 u.
446 3542 509 3610 796
524 3543 661 3608 oestibcrs
675 3566 748 3606 curn
765 3543 943 3608 editoribus
959 3544 1121 3630 plerisque
1137 3544 1234 3631 legas,
1250 3553 1402 3612 tenentem

241 3647 309 3712 noli
323 3657 443 3711 tenere.
488 3656 564 3731 apte
579 3647 667 3711 enim
689 3646 729 3710 de
750 3648 845 3711 terris
863 3646 992 3724 dicitur,
1007 3647 1048 3712 de
1069 3657 1170 3734 ponto
1188 3647 1310 3733 inepte.
1355 3649 1400 3714 le·

241 3750 384 3836 gendum
409 3751 520 3838 potius
546 3759 709 3817 tencatcm.
754 3750 893 3815 assiduis
922 3750 1066 3816 aestibus
1090 3760 1125 3816 et
1147 3773 1235 3816 mare
1258 3760 1292 3817 et
1314 3760 1402 3818 terra

240 3855 404 3942 fatigatur.

306 4011 346 4059 Ν
361 3997 423 4058 845
439 4016 507 4080 sqq.

372 4113 451 4178 haec
465 4135 594 4199 quoque
610 4115 704 4200 signa
718 4136 776 4178 suo
792 4114 915 4198 pariter
930 4137 1005 4178 cum
1020 4113 1124 4179 sidere
1140 4114 1298 4200 languent

371 4216 543 4280 incuruata
565 4215 662 4280 simul
685 4216 845 4301 solitoque
869 4225 1023 4302 exempta
1044 4216 1150 4303 uigori

372 4328 406 4384 et
427 4319 520 4384 uelut
543 4319 662 4383 elatam
685 4319 839 4384 Phoeben
860 4319 896 4383 in
918 4320 1032 4385 funere
1054 4320 1178 4406 lugent.

369 4425 441 4510 ipsa
462 4424 556 4489 docet
578 4424 696 4488 titulus
719 4446 834 4488 causae
856 4446 941 4510 quae
964 4424 1114 4509 ecliptica
1136 4424 1229 4511 signa

371 4528 481 4594 dixere
503 4529 631 4614 antiqui
652 4529 776 4616 pariter
802 4529 858 4593 sed
880 4528 960 4594 bina
982 4529 1139 4596 laborant
