3074 5092
504 370 573 429 SIL
581 369 627 430 Vr
659 370 911 432 MANILIANA.
1251 373 1289 433 37

195 552 232 618 io
250 552 329 619 uitio
350 553 447 619 bouus
465 562 508 619 ut.
554 555 677 640 optime
699 554 833 620 Ellisius
854 555 934 621 bona
954 563 1037 635 scra
1063 555 1119 620 sed
1141 577 1208 620 rem
1225 576 1290 618 non

131 656 279 722 absoluit.
325 680 400 722 nam
416 675 541 723 INVITO
556 680 576 721 a
591 658 756 723 sententia
770 658 947 745 flagitatur.
988 659 1046 744 qui
1061 680 1179 742 magna
1194 666 1292 721 natu-

131 783 186 826 rae
212 761 392 826 cohibendo
419 783 555 826 munera
578 762 694 837 frenat,
719 760 795 825 huic
821 771 909 826 certe
936 761 1061 826 ‘inuito
1085 763 1171 826 bona
1197 757 1293 824 sunt'

132 864 265 929 datiuus
280 865 315 929 in
331 866 452 930 talibus
471 867 678 946 notissimus3
701 867 774 930 Tac.
792 865 832 931 ab
847 888 972 932 excerso
986 870 1012 930 1.
1031 870 1069 932 59
1088 873 1138 930 ‘ut
1159 864 1293 950 quibus-

133 990 198 1054 que
214 968 336 1034 bellum
352 971 467 1036 irruitis
481 979 541 1035 aut
556 971 751 1058 cupientibus
766 972 854 1037 erat'

199 1132 238 1181 Ν
261 1119 325 1181 204
340 1138 407 1204 sqq.

235 1280 236 1283 κ
265 1236 420 1301 librantes
443 1245 571 1301 noctem
594 1235 717 1304 Chelae
739 1261 814 1302 cum
837 1247 983 1322 tempore
1007 1238 1087 1302 lucis
1228 1236 1291 1299 204

265 1361 434 1405 mensurae
458 1339 605 1404 tribuent
630 1363 707 1405 usus
731 1363 768 1406 ac
794 1341 936 1427 pondera
961 1363 1070 1406 rerum
1228 1339 1291 1401 206

200 1485 397 1550 dormitabat
418 1484 471 1549 hic
491 1493 572 1572 puto
593 1486 772 1565 Bentleius,
788 1487 846 1572 qui
866 1510 997 1552 uersum
1014 1509 1112 1574 quem
1134 1493 1206 1572 post
1229 1487 1293 1549 204

135 1598 303 1674 praestant
318 1589 443 1655 codices

266 1743 324 1806 per
345 1743 431 1785 noua
455 1720 575 1785 maturi
595 1728 668 1805 post
691 1742 813 1785 annum
839 1744 973 1786 munera
997 1720 1116 1785 Bacchi

137 1881 199 1922 non
230 1859 361 1923 eiecerit
392 1859 447 1923 sed
480 1858 637 1945 corrigere
664 1858 841 1942 temptarit.
887 1858 962 1944 quid
988 1859 1075 1922 enim
1098 1856 1140 1920 ad
1165 1855 1293 1918 Libram

135 1962 301 2047 pertinent
316 1962 379 2026 ista
391 1961 510 2025 Bacchi
527 1966 685 2026 munera?
723 1962 853 2047 quidex
869 1974 936 2026 toto
952 1963 1020 2026 loco
1037 1983 1172 2046 usquam
1189 1959 1294 2024 simile

137 2065 368 2151 indagabitur?
413 2089 470 2130 cur
490 2066 517 2130 si
533 2063 708 2132 Chelarum
725 2076 857 2153 tempus
872 2066 1053 2153 significare
1070 2065 1175 2130 uoluit
1191 2072 1296 2148 poeta,

137 2177 223 2258 ‘poet
248 2194 370 2236 aarum
396 2170 534 2235 maturi'
558 2170 666 2234 dixit?
711 2179 746 2235 at
776 2172 802 2234 si
833 2171 931 2235 alieni
963 2171 1015 2235 hic
1045 2178 1131 2244 sunt,
1154 2178 1192 2233 ut
1219 2176 1296 2232 sunt

137 2275 335 2353 alienissimi,
359 2298 416 2340 cur
441 2275 515 2361 quis
539 2275 711 2340 intulerit?
746 2275 860 2340 dicam.
906 2298 1060 2361 cumpro
1084 2274 1236 2339 librantes
1262 2273 1295 2336 in

138 2378 303 2443 codicibus
328 2378 479 2442 omnibus
504 2379 637 2443 libantes
661 2377 714 2454 sit,
738 2379 837 2444 etiam
861 2379 896 2442 in
919 2379 1093 2464 archetypo
1116 2378 1177 2442 hoc
1199 2377 1297 2440 fuisse

138 2482 232 2546 facile
254 2482 426 2569 colligitur.
474 2483 584 2567 itaque
607 2505 649 2547 ne
673 2483 758 2547 desit
784 2483 870 2568 quod
894 2483 1050 2558 ‘libetur’
1077 2483 1140 2546 huc
1166 2503 1298 2545 uersum

138 2585 261 2651 librarii
281 2594 394 2673 stupor
416 2586 538 2652 intulit.
583 2586 656 2672 quis
677 2610 752 2653 eum
774 2589 936 2673 scripserit
955 2597 989 2652 et
1010 2609 1075 2672 quo
1096 2589 1172 2662 loco,
1189 2586 1297 2650 decer·

138 2713 216 2756 nere
231 2714 295 2756 non
310 2692 423 2772 ausim.

205 2863 244 2911 1v
268 2849 330 2910 222
347 2869 414 2933 sqq.

663 2933 744 3018 quin
766 2933 838 3019 ipsa
860 2932 921 2998 sub
944 2933 1042 2997 armis

270 3060 334 3123 pax
356 3039 482 3123 agitur;
503 3036 637 3121 capiunt
659 3038 762 3101 saltus
785 3037 947 3123 siluasque
970 3046 1152 3124 pererrant3

271 3165 357 3207 nunc
379 3141 557 3220 hominum,
580 3163 667 3205 nunc
689 3141 775 3206 bella
797 3151 916 3227 gerunt
940 3142 1085 3207 uiolenta
1107 3143 1255 3207 ferarum.

206 3281 336 3366 ecpiuot
355 3280 464 3345 soltus.
510 3280 610 3343 immo
634 3281 774 3366 eupiunt
796 3304 852 3365 pro
874 3304 938 3366 quo
961 3282 1093 3366 copiunt
1114 3290 1300 3346 constanter

140 3385 264 3452 librarii
290 3384 324 3449 in
351 3384 476 3449 codices
502 3383 657 3449 inferunt.
701 3385 791 3450 uocis
818 3385 880 3450 tibi
908 3387 1057 3471 exempla
1082 3386 1171 3450 haud
1197 3408 1300 3471 pauca

140 3492 245 3558 lexica
259 3490 524 3578 suppeditabunt.

208 3657 248 3705 1v
271 3642 333 3705 246
350 3661 394 3724 sq.

664 3725 801 3791 scrutari
822 3748 917 3791 caeca
939 3726 1074 3791 metella

273 3829 437 3916 depositas
459 3836 496 3893 et
515 3848 592 3912 opes
615 3836 799 3914 terramque
822 3851 956 3894 exurere
979 3829 1073 3893 uenis

209 3968 392 4054 ‘depositae
413 3967 507 4052 opes'
528 3966 608 4052 quid
629 3967 695 4032 sint
715 3969 756 4032 ab
778 3968 916 4032 Horatio
938 3968 1093 4032 docemur
1112 3968 1212 4034 Serm.
1236 3987 1249 4032 1
1274 3974 1301 4034 1.

145 4077 184 4138 41
202 4095 246 4161 sq.
263 4072 407 4158 ‘argenti
421 4072 549 4158 pondus
561 4081 595 4135 et
606 4072 678 4137 auri
697 4071 701 4159 Ι
723 4074 837 4137 furtim
849 4073 975 4137 defossa
986 4073 1139 4137 timidum
1152 4072 1305 4159 deponere

144 4177 248 4244 terra'
292 4198 411 4262 repone
426 4176 591 4262 sepositas,
607 4176 648 4240 ab
664 4177 734 4262 ipsa
754 4186 873 4242 natura
894 4186 1041 4242 remotas.
1092 4177 1137 4242 sic
1158 4177 1304 4262 ‘sepositi

193 4346 204 4380 ¹
221 4349 297 4398 borres
313 4355 343 4396 ut
360 4345 524 4397 Matritensis
540 4348 574 4404 et,
587 4344 610 4393 si
627 4346 692 4396 fides
704 4348 806 4405 Iacobo,
818 4363 834 4398 a
844 4347 929 4410 prima
944 4363 1025 4397 manu
1039 4348 1183 4398 Vossianus
1199 4349 1272 4408 alter,
1290 4365 1305 4398 a

145 4443 207 4480 uero
218 4443 344 4493 proxrme.
