3074 5092
262 339 300 398 34
632 338 755 399 SILVA
786 338 1045 399 MANILIANA.

262 521 443 587 commictae
457 528 491 586 et
507 521 718 600 comminatus,
733 523 820 607 apud
837 523 1007 607 scriptores
1022 521 1207 588 traduntur.
1246 525 1423 610 propietate

261 647 282 689 a
296 625 396 711 uulgo
416 625 542 689 dictum
563 647 633 690 esse
652 626 782 710 pinctus
803 625 1001 690 Romanicae
1017 647 1101 712 quae
1117 626 1271 692 dicuntur
1290 628 1423 713 linguae

264 727 315 793 Fr.
326 729 426 813 paint,
442 729 483 793 It.
494 729 586 814 piato
602 737 774 794 testantur.
819 731 945 796 uinctos
960 731 1144 797 abducendo
1156 733 1241 818 quod
1258 733 1292 796 in
1304 733 1422 798 Italiae

264 833 376 915 (uicto)
392 842 425 897 et
444 833 633 898 Prouincias
649 834 750 917 (oenc)
767 833 961 899 hodiernum
978 858 1157 901 sermonem
1174 836 1321 915 defluxit,
1335 837 1422 902 idem

259 936 293 1000 in
307 944 456 1001 ueterum
468 959 597 1023 quoque
609 937 707 1002 libros
718 937 851 1003 uidetur
865 938 1083 1024 immigrasse3
1106 941 1143 1005 cf.
1156 941 1242 1026 quod
1258 941 1378 1028 legitur
1387 943 1421 1007 in

259 1041 339 1126 Reg.
352 1041 460 1106 codice
475 1043 560 1128 apud
579 1042 768 1108 Ciceronem
786 1043 875 1109 Vcrr.
889 1048 917 1108 5.
931 1047 980 1110 16.
994 1049 1033 1108 41
1046 1045 1235 1111 conctactus.
1270 1047 1325 1111 sed
1342 1047 1422 1112 talia

259 1147 351 1231 sequi
367 1146 533 1211 infinitum
550 1154 613 1226 est3
637 1148 679 1212 ad
694 1147 868 1211 Manilium
884 1148 1061 1213 redeamus.
1100 1148 1134 1213 in
1150 1172 1181 1214 u.
1195 1153 1236 1216 46
1252 1172 1310 1236 pro
1326 1150 1422 1236 ‘qood

259 1260 288 1316 et
314 1251 419 1317 eculc'
442 1251 656 1338 Rossbergius
680 1261 768 1318 recte
790 1253 887 1338 deque
912 1253 1056 1338 reposuit
1079 1276 1153 1318 cum
1176 1255 1297 1340 priores
1320 1256 1421 1341 ‘quod

260 1355 299 1421 de
328 1357 435 1421 ecote’
462 1356 670 1442 scripsissent.
716 1379 781 1421 non
812 1357 896 1421 tanti
927 1366 1004 1421 sunt
1034 1356 1159 1422 codices
1184 1358 1354 1436 Maniliani
1380 1367 1419 1423 ut

260 1460 395 1524 Manilio
418 1458 610 1546 κακόφωνοι)
632 1460 714 1526 illud
738 1461 845 1525 inuito
874 1462 1029 1526 infulcias.
1075 1485 1134 1548 quc
1157 1462 1257 1527 etiam
1280 1462 1358 1527 alibi
1383 1462 1419 1527 in

182 1552 186 1558 ⁵
259 1564 342 1649 qood
365 1573 552 1650 corruptum
578 1575 689 1632 estut
715 1566 749 1630 in
772 1566 958 1631 Matritensi
985 1568 1117 1650 (1141).
1162 1590 1237 1631 mox
1264 1567 1296 1631 in
1324 1591 1354 1632 u.
1378 1571 1420 1631 48

259 1668 435 1733 Vossianus
454 1670 538 1734 alter
557 1680 591 1735 et
610 1670 811 1736 Matritensis
834 1670 937 1736 orbem
958 1670 1203 1750 commendant3
1229 1671 1285 1736 sed
1305 1672 1420 1735 fortius

259 1781 309 1838 est
331 1795 420 1839 arces
446 1773 598 1859 idemque
624 1775 687 1839 sibi
710 1775 793 1851 uult,
817 1774 911 1838 modo
937 1784 1024 1839 recte
1051 1774 1206 1860 capiatur.
1251 1796 1340 1839 arces
1363 1797 1420 1860 pro
1460 1773 1463 1779 ’

258 1900 386 1942 summo
423 1878 558 1965 imperio
596 1878 680 1944 dixit
718 1878 842 1944 Seneca
873 1879 993 1964 Thyest.
1025 1881 1088 1944 342
1120 1879 1247 1965 ‘cupidi
1277 1879 1420 1958 arcium,'

259 1981 409 2046 Lucanus
421 1986 448 2047 8.
463 1985 526 2048 490
542 1983 746 2070 ‘auertitque
757 2005 846 2048 arces
861 1994 1027 2070 respectus
1043 1984 1171 2049 honesti
1181 1985 1207 2064 ';
1229 1985 1266 2049 cf.
1279 2006 1363 2070 quae
1378 1985 1420 2049 ad

259 2087 409 2154 quenal.
433 2091 482 2153 10.
508 2088 570 2153 307
603 2110 623 2152 a
652 2087 785 2172 Mayoro
815 2088 962 2152 conlecta
990 2097 1075 2152 sunt.
1120 2088 1174 2153 hic
1206 2088 1422 2175 crepidinibus

258 2190 382 2276 optime
402 2184 578 2276 respondet
603 2213 707 2272 arcem
731 2192 839 2256 ‘ualet
858 2192 927 2257 imo
944 2190 1099 2278 sommia!
1121 2201 1245 2257 mutare
1265 2202 1299 2257 et
1319 2191 1418 2276 insig-

258 2316 333 2358 nem
355 2302 508 2359 attenuat
529 2293 609 2359 deus
629 2293 633 2378 l
654 2294 790 2360 obscura
809 2296 977 2385 promens'v
991 2303 1029 2360 ut
1043 2295 1124 2360 dicit
1144 2296 1301 2361 Horatius
1320 2319 1419 2363 carm.
1464 2351 1470 2361 .

259 2399 286 2461 1.
303 2399 353 2463 34.
370 2400 411 2461 12
427 2419 493 2482 sqq.

322 2558 361 2606 1v
377 2545 441 2607 108
455 2565 522 2628 sqq.

344 2684 404 2726 nec
426 2671 536 2726 tamen
558 2663 639 2728 haec
661 2663 745 2728 ratio
768 2664 892 2729 facinus
914 2664 1088 2730 defendere
1109 2665 1217 2753 pergit

345 2766 547 2832 uirtutemue
570 2767 636 2832 suis
658 2768 807 2834 fraudare
830 2768 866 2832 in
887 2769 1032 2854 praemia
1054 2770 1155 2835 donis.

343 2888 419 2931 nam
442 2888 548 2952 neque
571 2867 752 2933 mortiferas
770 2869 941 2954 quisquam
961 2869 1071 2933 minus
1090 2870 1195 2934 oderit
1218 2869 1333 2935 herbas
1353 2874 1417 2935 110

342 2971 429 3056 quod
452 2994 516 3036 non
539 2972 672 3037 arbitrio
694 2973 835 3037 ueniunt
857 2973 913 3038 sed
936 2974 1059 3038 semine
1082 2982 1188 3055 certo;

342 3074 448 3160 gratia
469 3096 529 3140 nec
551 3076 654 3140 leuior
677 3076 840 3141 tribuetur
861 3076 1010 3141 dulcibus
1031 3077 1112 3141 escis

343 3181 429 3266 quod
453 3189 572 3246 natura
593 3181 686 3247 dedit
708 3182 826 3268 fruges,
848 3203 912 3245 non
935 3181 1003 3246 ulla
1025 3182 1196 3262 uoluntas3

342 3285 388 3349 sic
411 3285 581 3350 hominum
603 3285 729 3350 meritis
750 3293 844 3351 tanto
866 3287 909 3352 sit
930 3287 1033 3373 gloria
1054 3286 1165 3364 maior,

342 3390 429 3476 quod
451 3390 539 3456 caelo
561 3390 726 3477 gaudente
748 3391 861 3472 uenit;
889 3413 1062 3476 rursusque
1084 3391 1232 3456 nocentis
1351 3396 1414 3456 115

342 3495 506 3560 oderimus
528 3495 641 3581 magis,
663 3496 698 3560 in
721 3497 851 3584 culpam
874 3517 1056 3581 poenasque
1081 3503 1213 3562 creatos.

321 3639 408 3696 recte
423 3632 457 3695 in
472 3654 503 3696 u.
521 3635 584 3696 110
600 3655 658 3718 pro
673 3634 780 3718 magis
794 3633 992 3718 scripserunt
1005 3633 1113 3698 minus
1127 3642 1256 3699 ueteres
1266 3633 1416 3712 editores,

254 3742 447 3820 receperunt
462 3734 607 3821 Scaliger
622 3735 864 3822 Bentleiusque.
900 3745 1016 3822 poetae
1032 3737 1228 3803 sententiam
1244 3738 1345 3803 etiam
1361 3761 1415 3804 eos

254 3838 400 3903 librarios
415 3839 665 3924 deprehendisse
680 3849 762 3926 puto
777 3840 835 3926 qui
850 3841 971 3926 ‘magis
986 3841 1102 3908 ederit'
1117 3841 1320 3907 innouarant.
1358 3842 1414 3907 sed

254 3940 336 4005 illud
351 3941 446 4025 longe
462 3949 614 4027 praestat,
631 3943 823 4029 praesertim
839 3943 867 4008 si
883 3966 913 4009 u.
930 3947 993 4010 116
1009 3943 1253 4029 comparaueris.
1297 3951 1413 4009 notum

254 4053 304 4109 est
318 4045 425 4130 magis
439 4054 474 4111 et
487 4046 596 4111 minus
610 4046 697 4112 inter
711 4070 745 4114 se
761 4071 781 4113 a
795 4047 935 4112 librariis
949 4048 1068 4133 passim
1084 4047 1246 4113 confundi.

320 4171 407 4213 nunc
426 4149 467 4213 ad
488 4173 519 4214 rr.
541 4153 602 4216 115
623 4151 770 4216 animum
794 4151 895 4216 uelim
918 4152 1077 4217 attendas.
1122 4151 1203 4216 illud
1226 4151 1296 4238 agit
1317 4161 1416 4238 poeta

254 4260 292 4317 ut
308 4260 467 4317 astrorum
484 4255 632 4338 potentia
646 4255 807 4342 propriam
826 4255 909 4320 bene
930 4276 1065 4320 secusue
1085 4254 1243 4319 factorum
1263 4256 1414 4322 aestima-

254 4357 377 4423 tionem
404 4378 469 4422 non
496 4357 568 4423 tolli
595 4358 805 4425 demonstret.
851 4367 907 4426 ‘ut
930 4359 1046 4427 letales
1072 4359 1189 4425 herbas
1214 4382 1280 4425 non
1305 4360 1415 4428 minus
