3074 5092
191 368 228 426 14
563 368 631 427 SIL
640 368 686 427 Vn
717 368 972 428 MANILIANA.

189 552 960 640 Bentleius‘rapidos—Saturnusue-uapores.'
995 554 1152 620 attamen
1161 555 1231 620 sine
1240 575 1350 620 neces-

190 657 287 723 sitate
299 658 332 721 in
345 681 400 725 scu
412 658 564 724 mutauit.
598 667 699 724 sumet
714 658 862 723 dissoluit
873 658 907 723 in
919 681 959 725 ue
973 681 1075 737 suom,
1086 659 1148 725 hoc
1160 659 1351 746 elegantius,

189 769 228 826 ut
254 762 376 848 opinor,
402 785 501 848 quam
527 762 645 827 uerius,
699 761 853 826 detractis
881 763 967 827 enim
993 763 1033 827 de
1059 762 1178 828 litteris
1201 786 1241 830 uc
1266 785 1351 849 quae

189 863 352 929 Saturnus
375 865 531 951 subiungi
557 864 620 929 sibi
646 865 798 949 postulat,
820 874 994 950 supersunt
1019 874 1082 931 smt
1103 887 1186 950 quae
1209 867 1251 932 ad
1272 867 1352 933 serat

187 969 298 1054 potius
321 968 476 1033 uidentur
498 968 658 1033 accedere.
704 967 763 1032 hoc
786 967 813 1031 si
835 990 855 1032 a
879 968 973 1033 nobis
999 969 1147 1054 accipies,
1170 992 1283 1034 uersus
1305 968 1350 1034 sio

189 1071 293 1156 leges:
977 1091 978 1094 ’

275 1184 302 1246 si
326 1182 453 1268 rapidos
476 1184 606 1247 Mauors
628 1182 715 1269 ignis
737 1181 899 1247 iaculatur
921 1183 956 1246 in
980 1183 1073 1248 illum

276 1288 479 1352 Saturnusue
500 1304 598 1352 satur
620 1286 757 1372 glaciem
780 1286 976 1351 Phoebusue
999 1310 1143 1374 uapores.

253 1453 291 1500 1v
308 1439 370 1502 539
387 1458 431 1521 sq.

273 1565 368 1621 tanta
390 1557 490 1621 fames
513 1555 726 1640 animumque
748 1555 813 1620 cibi
836 1563 904 1620 tam
927 1555 998 1620 dira
1021 1556 1138 1642 cupido

274 1659 417 1745 corripit,
441 1669 479 1724 ut
501 1660 609 1745 capiat
632 1668 737 1724 semet
759 1682 819 1724 nec
842 1660 1004 1744 compleat
1027 1683 1184 1746 umquam
1284 1663 1347 1726 540

273 1764 372 1850 inque
395 1765 509 1849 epulas
531 1765 629 1829 funus
651 1775 783 1829 reuocet
806 1763 1014 1849 pretiumque
1037 1764 1184 1849 sepulcri.

252 1902 331 1965 haec
346 1902 387 1966 de
402 1901 534 1966 homine
549 1902 661 1986 guloso
675 1924 751 1966 suas
766 1923 843 1986 opes
858 1901 1021 1965 lacerante
1041 1900 1083 1965 ad
1099 1899 1348 1986 Erysichthonis

185 2005 329 2070 fabulam
351 2014 497 2091 spectare
521 2019 608 2069 recte
629 2012 739 2068 monet
764 2003 904 2069 Ellisius.
947 2005 1035 2069 idem
1062 2004 1213 2069 Bentleio
1236 2005 1347 2092 capiat

186 2109 396 2196 impugnanti
417 2109 534 2189 “Quid
557 2131 634 2173 uero
661 2117 711 2173 est
737 2109 846 2194 cupiat
867 2112 982 2173 santet?
1024 2107 1175 2192 Explicet
1202 2109 1261 2173 hoo
1288 2110 1347 2196 qui

186 2213 321 2278 audebit
331 2214 346 2238 ”
373 2213 516 2277 cedendo
546 2235 615 2276 rem
645 2212 763 2276 melius
793 2211 930 2298 egisset3
968 2211 1065 2276 aliter
1098 2211 1185 2275 enim
1219 2212 1345 2278 dictum

187 2316 328 2401 accipere
348 2316 436 2402 apud
457 2316 518 2381 Ou.
540 2315 612 2382 Met.
637 2320 658 2380 8
681 2321 753 2380 841.
798 2339 856 2401 pro
878 2316 989 2402 cupiat
1014 2315 1117 2380 scribe
1140 2325 1262 2382 cunrat
1280 2320 1346 2382 col-

187 2419 254 2484 lato
276 2419 391 2484 eodem
415 2419 558 2484 Nasonis
581 2421 650 2484 loco
675 2429 708 2485 et
733 2418 796 2485 877
813 2443 858 2505 sq.
882 2420 969 2504 ‘ipse
994 2409 1068 2484 suos
1089 2427 1180 2485 artus
1202 2421 1347 2486 lacerans

186 2525 252 2607 (ael
267 2523 387 2607 lacero)
405 2524 558 2589 diuellere
576 2547 684 2589 morsu
704 2524 709 2607 1
730 2525 836 2610 coepit
854 2535 889 2588 et
906 2524 1021 2588 infelix
1041 2524 1210 2590 minuendo
1230 2547 1347 2611 corpus

186 2624 312 2689 alebat'
336 2633 369 2689 et
390 2624 452 2690 847
475 2647 520 2710 sq.
537 2625 644 2690 ‘cibus
667 2627 773 2689 omnis
795 2627 831 2689 in
846 2626 902 2689 illo
921 2624 925 2712 Ι
947 2626 1123 2690 causasibi
1140 2636 1189 2691 est
1204 2649 1347 2713 semper·

186 2750 249 2813 que
265 2727 353 2792 locus
368 2728 406 2791 fit
422 2728 528 2791 inanis
543 2728 684 2792 edendo'
722 2729 820 2793 fuerit
835 2729 970 2793 fortasse
983 2729 1040 2813 qui
1052 2728 1104 2792 hic
1115 2730 1228 2814 rapiat
1243 2730 1346 2795 malit.

187 2832 336 2917 quocirca
344 2832 423 2917 quid
435 2832 521 2896 inter
532 2839 709 2917 utrumque
721 2832 851 2897 intersit
863 2834 1011 2918 exemplo
1027 2833 1216 2898 docendum.
1257 2835 1346 2920 apud

187 2931 392 3017 Propertium
415 2935 434 2996 3
458 2933 516 3015 (4).
541 2930 589 2996 17.
613 2936 654 2996 ‘rt
677 2933 857 2998 ‘Pentheos
881 2934 916 2997 in
941 2933 1085 3019 triplices
1112 2935 1225 2998 funera
1250 2943 1349 3021 grata

186 3037 311 3120 greges'
327 3034 527 3099 Passeratius
542 3045 639 3121 rupto
654 3037 709 3100 alii
725 3046 840 3122 carpta
854 3045 1112 3123 temptauerunt.
1152 3037 1233 3101 illud
1248 3047 1348 3104 recte.

188 3141 346 3204 maiorum
362 3141 451 3203 enim
467 3139 587 3203 uirium
604 3140 743 3205 Penthei
759 3140 817 3204 illa
832 3141 999 3205 distractio
1014 3163 1113 3226 quarn
1129 3163 1187 3226 pro
1202 3141 1347 3208 minuta·

185 3244 247 3308 tim
270 3242 485 3327 carpentibus.
535 3244 629 3306 testis
652 3242 695 3307 sit
718 3243 818 3308 etiam
842 3243 980 3309 Ouidius
1002 3243 1078 3308 Met.
1104 3247 1132 3308 3.
1159 3246 1221 3309 722
1246 3245 1348 3311 ‘Inoo

185 3345 324 3410 lacerata
353 3353 402 3408 est
432 3344 535 3407 altera
563 3342 676 3430 raptu?
732 3345 767 3408 in
795 3369 824 3410 u.
851 3348 913 3410 541
942 3345 1137 3430 singularem
1170 3346 1347 3413 lectionem

186 3449 299 3514 testari
320 3449 452 3512 uidetur
476 3448 718 3514 Gemblacensis
739 3472 813 3514 cum
832 3450 936 3515 retitct
953 3450 1117 3536 praebeat,
1139 3451 1349 3519 adsentiente

187 3553 326 3640 quodam
352 3552 446 3616 modo
468 3552 629 3636 Lipsiensi
653 3555 709 3640 qui
730 3555 851 3620 ‘retitct
870 3554 909 3619 al.
931 3555 1069 3620 reuocet?
1115 3555 1191 3620 hinc
1211 3556 1350 3625 Ellisius

188 3658 273 3723 eruit
295 3679 367 3742 -qcc
391 3657 477 3736 litct3
506 3665 540 3720 et
563 3657 646 3721 illud
669 3659 801 3743 quidem
827 3657 1015 3735 rectissime,
1039 3659 1107 3724 litet
1133 3682 1211 3724 uero
1237 3661 1351 3728 minus

186 3763 331 3828 feliciter.
372 3762 587 3846 nequeenim
611 3784 708 3847 quem
732 3762 873 3826 Senecae
895 3761 1009 3826 laudat
1029 3761 1144 3838 locum,
1158 3763 1242 3828 Med.
1261 3767 1349 3832 1019

187 3866 298 3951 ‘plura
311 3886 376 3928 non
393 3863 503 3940 habui,
519 3864 617 3940 dolor,
637 3863 641 3951 Ι
661 3886 745 3949 quae
766 3864 829 3929 tibi
851 3863 997 3928 litarem'
1018 3863 1097 3928 satis
1118 3864 1233 3928 similis
1254 3865 1348 3932 uide·

186 3977 251 4045 tur,
262 3976 297 4032 et
310 3966 392 4030 illud
404 3975 490 4031 uocet
504 3967 590 4051 quod
607 3969 727 4032 multos
742 3968 865 4032 codices
881 3966 1061 4051 occupauit,
1073 3968 1160 4032 unde
1172 3969 1349 4054 irrepserit,

186 4072 276 4139 nullo
299 4069 393 4134 modo
416 4070 568 4155 explicari
590 4073 717 4156 poterit.
763 4072 796 4134 in
818 4073 885 4137 titet
906 4073 1007 4136 latere
1028 4070 1161 4135 uidetur
1182 4072 1264 4150 ditet,
1285 4074 1349 4142 he.

185 4185 280 4253 aocet,
297 4175 349 4238 uel
366 4183 436 4248 Olet,
453 4173 565 4238 durius
581 4183 757 4260 utrumque
777 4175 901 4240 dictum
920 4184 958 4239 ut
977 4175 1038 4239 hoc
1058 4174 1191 4260 quidem
1211 4177 1348 4244 nomine

186 4279 364 4346 Maniliano
383 4277 514 4363 ingenio
536 4278 813 4343 accommodatum
844 4279 908 4344 dici
935 4280 1043 4364 possit.
1089 4279 1127 4344 cf.
1153 4301 1237 4363 quae
1261 4281 1352 4350 infra

186 4386 226 4450 ad
241 4401 266 4449 V
282 4386 324 4447 54
338 4383 498 4448 dicentur.
