3074 5092
507 360 631 423 SILVA
663 362 920 421 MANILIANA.
1256 361 1294 418 43

200 543 234 608 in
255 544 314 610 hos
334 567 447 610 uersus
467 544 622 630 migrasse
643 543 733 608 scioli
753 542 922 608 cuiusdam
941 542 1202 608 additamentum
1219 549 1295 605 ante

135 670 188 712 me
203 647 466 714 animaduersum
482 657 533 714 est
547 673 567 714 a
583 648 730 715 Breitero
745 648 802 734 qui
816 648 919 713 uerba
934 670 1048 714 maurae
1059 670 1139 732 qaae
1150 646 1297 731 ecliptica

135 752 305 838 -catr'qar'
320 775 338 818 e
353 761 448 819 textu
464 752 548 817 eicit.
592 752 627 815 in
647 775 712 838 quc
733 752 809 816 ficta
824 774 844 816 a
859 751 945 816 ueris
961 751 1017 816 uix
1033 751 1112 816 satis
1127 758 1216 815 recte
1231 749 1296 813 dis-

138 854 260 936 creuit;
281 878 388 942 neque
404 855 492 921 enim
508 878 606 922 causa
620 853 712 919 tituli
728 876 898 938 possumus
914 876 1031 928 carere,
1046 860 1157 917 contra
1167 852 1296 938 pariter

137 967 171 1023 et
193 959 287 1024 facile
310 959 422 1024 abesse
444 967 574 1045 poterat
596 960 687 1042 (nam
711 957 822 1023 ‘bina’
846 980 962 1043 perse
988 957 1096 1042 ipsum
1122 979 1191 1021 rem
1217 956 1297 1020 satis

136 1061 279 1126 declarat
291 1085 390 1148 quam
403 1062 542 1148 Anglice
554 1062 606 1144 (cf.
623 1064 702 1144 859)
717 1060 856 1125 dicimus
871 1060 932 1145 ‘by
947 1059 1033 1145 pairs
1044 1060 1065 1143 ')
1081 1068 1114 1123 ct
1130 1081 1170 1123 ex
1185 1082 1217 1123 u.
1233 1060 1295 1122 845

136 1164 201 1230 huc
230 1167 358 1231 uenisse
389 1167 528 1232 uidetur.
574 1175 700 1231 restant
727 1165 931 1230 emendanda
959 1165 1055 1228 haec:
1090 1163 1178 1249 ‘ipsa
1203 1163 1297 1227 docet

135 1272 251 1336 titulos
269 1271 403 1337 causae'
418 1273 510 1355 (nam
526 1293 605 1356 quae
620 1271 706 1356 quod
722 1269 855 1334 Ellisius
870 1270 990 1333 frustra
1004 1277 1119 1333 tuctur
1133 1267 1175 1332 ab
1195 1267 1296 1332 inter·

136 1375 283 1460 polatcre
306 1383 367 1451 est,
388 1374 512 1439 scilicet
535 1381 636 1460 ‘quae
658 1373 752 1459 signa
774 1374 925 1459 ecliptica
946 1372 1057 1437 dixere
1069 1373 1100 1454 '),
1123 1394 1197 1436 mcx
1224 1371 1297 1435 ‘sed

136 1477 215 1543 bina
234 1477 400 1543 laborant)
444 1478 583 1544 inuertit
602 1478 772 1555 rationem,
792 1479 819 1542 si
840 1478 919 1564 quid
941 1477 1045 1555 uide0,
1061 1475 1231 1540 Bentleius
1252 1474 1298 1539 sic

137 1583 248 1669 legens
271 1581 357 1667 ‘ipse
379 1582 474 1647 dccet
494 1582 613 1647 titulae
633 1583 764 1654 causas'
785 1590 819 1646 et
841 1581 883 1645 ad
904 1597 932 1646 11
958 1584 1021 1648 686
1044 1603 1222 1666 prouocans
1245 1588 1297 1645 ‘et

138 1693 268 1750 tantum
285 1685 383 1750 Graio
399 1684 521 1772 signari
537 1685 668 1749 nomine
689 1707 815 1770 passam
835 1688 839 1771 Ι
860 1684 1127 1762 dodecatemcria,
1144 1686 1178 1748 in
1199 1685 1297 1749 titulo

140 1788 303 1874 signantia
324 1788 454 1859 causas?
499 1787 567 1851 illic
587 1787 673 1852 enim
696 1788 837 1852 nominis
860 1787 976 1852 Graeci
996 1787 1156 1851 rationem
1178 1795 1298 1851 tractat
1415 1787 1422 1795 ’

137 1900 243 1978 poeta,
255 1892 340 1976 quod
357 1891 392 1955 in
408 1891 565 1976 eclipticis
580 1891 683 1978 signis
697 1891 763 1956 iam
778 1900 855 1956 ante
867 1914 921 1955 uu.
934 1915 999 1954 xxx
1011 1892 1131 1956 fecerat
1142 1892 1212 1973 (uu.
1225 1895 1297 1967 819,

139 1996 225 2078 820).
270 1994 382 2080 itaque
404 1994 544 2059 hicnon
565 1995 605 2059 de
625 1994 724 2059 titulo
745 1995 966 2081 eclipticcrum
987 1995 1053 2059 iam
1074 1996 1220 2081 loquitur
1241 1995 1297 2060 sed

138 2097 179 2163 de
205 2098 292 2182 ipsis.
336 2098 439 2162 uerba
462 2099 533 2184 ipsa
560 2100 667 2164 locum
698 2100 799 2165 Ouidi
822 2101 857 2164 in
884 2111 1027 2165 mentem
1055 2115 1297 2185 reuocantque

138 2203 252 2267 Florae
267 2201 407 2267 nominis
426 2224 523 2267 causa
542 2203 704 2269 redditur:
729 2205 774 2269 sic
790 2205 877 2269 enim
893 2205 948 2268 ille
964 2204 998 2268 in
1013 2205 1123 2270 Fastis
1137 2222 1161 2267 v
1178 2207 1239 2269 191
1252 2226 1296 2289 sq.

138 2307 224 2392 ‘ipsu
238 2306 312 2372 doce
327 2329 410 2392 quae
426 2307 478 2372 sis.
516 2308 685 2373 hominum
702 2309 866 2374 sententia
880 2310 987 2376 fallax.
1006 2308 1011 2396 Ι
1032 2309 1157 2396 optima
1172 2318 1209 2373 tu
1225 2332 1297 2392 pro·

138 2409 200 2494 prii
217 2409 356 2473 nominis
371 2418 483 2474 auctor
498 2409 578 2474 eris’
622 2434 728 2497 neque
743 2411 839 2478 aliter
860 2412 1013 2478 caelestia
1030 2412 1088 2477 illa
1106 2413 1199 2499 signa
1214 2435 1298 2498 quac

139 2514 274 2579 Manilio
294 2537 351 2601 pro
369 2515 560 2581 numinibus
578 2529 656 2582 sunt
679 2518 767 2604 ‘ipsa
787 2517 901 2584 doceat
921 2519 997 2602 (hcc
1012 2519 1053 2583 ab
1070 2518 1182 2582 Ellisio
1197 2540 1299 2595 sumo,

139 2619 306 2684 Breiterus
326 2621 413 2687 docet
434 2630 544 2687 seruat
566 2622 606 2686 de
627 2622 721 2686 Luna
741 2623 950 2710 intellegens)
971 2623 1063 2687 titull
1084 2621 1218 2698 causAS‚'
1239 2621 1299 2687 hoc

139 2732 189 2789 est
220 2723 368 2789 laborant
397 2725 451 2789 uel
482 2725 712 2805 ἐκλείπουσιν;
741 2726 833 2803 ‘sed,'
863 2727 978 2811 pergit,
1010 2726 1102 2791 ‘birca
1132 2725 1299 2791 laborant)

140 2827 232 2892 uides
254 2828 319 2892 iam
342 2828 452 2893 omnia
472 2828 560 2894 inter
582 2852 616 2894 se
642 2829 820 2894 cohaerere.
865 2830 1048 2895 fefellerant
1073 2831 1160 2894 uiros
1187 2830 1298 2895 doctos

138 2929 240 2995 uerba
255 2952 275 2994 a
288 2929 427 2995 librariis
441 2932 551 3016 paullo
566 2932 720 2997 subtilius
735 2933 913 3018 deprauata
928 2955 1002 2997 cum
1015 2955 1048 2997 se
1065 2932 1298 3018 excipientium

138 3034 272 3100 alterius
284 3034 318 3098 in
330 3034 469 3100 alterum
482 3035 613 3100 inflexio
625 3037 801 3102 transisset.
839 3037 926 3124 quod
941 3045 1053 3102 tamen
1065 3037 1153 3102 haud
1166 3038 1213 3101 ita
1227 3060 1298 3102 raro

138 3138 174 3202 in
199 3138 362 3203 codicibus
384 3148 544 3227 peccatur.
589 3141 628 3204 cf.
643 3158 667 3203 v
683 3144 747 3206 353
770 3150 804 3205 et
827 3140 888 3205 Ou.
904 3140 991 3205 Fust.
1008 3158 1046 3203 1v
1064 3143 1127 3205 160
1150 3140 1298 3207 ‘nomine

138 3242 249 3307 cordu'
264 3264 322 3330 pro
338 3243 485 3308 ‘nominc
500 3243 603 3309 ccrdc'
618 3245 687 3327 (A),
697 3245 790 3331 Prop.
803 3262 831 3308 11
847 3248 928 3310 322
945 3245 1097 3309 ‘crimina
1113 3245 1230 3309 lumea'
1243 3267 1298 3329 pro

138 3345 279 3411 ‘lamiae
297 3346 433 3424 crimea'
450 3350 484 3411 in
504 3348 633 3412 Aetnae
657 3352 718 3412 ul
736 3349 919 3434 ‘ruptisque
939 3349 1030 3412 cani'
1047 3370 1105 3434 pro
1121 3348 1297 3433 ‘ruptique

138 3448 246 3514 cauis'
261 3449 360 3514 codex
376 3449 511 3535 quidam
526 3451 567 3515 ab
584 3451 697 3516 Ellisic
713 3475 875 3518 excussus.
921 3475 1035 3517 uersus
1051 3453 1096 3516 sic
1111 3452 1243 3517 euadit:

269 3586 341 3672 ipsa
362 3587 480 3653 docent
501 3589 595 3654 tituh
618 3606 756 3669 causas3
778 3591 834 3655 sed
856 3590 935 3655 bina
958 3590 1116 3656 laborant.

205 3742 243 3789 lv
266 3728 330 3790 860
345 3747 413 3811 sqq.
516 3748 517 3751 ¹

269 3853 342 3911 tum
365 3846 475 3912 uicina
495 3848 609 3914 labant
631 3849 709 3935 ipsis
731 3849 901 3916 haerentia
926 3850 1037 3935 signis,

269 3970 353 4034 quae
374 3948 464 4036 prius
486 3951 521 4015 in
543 3961 645 4018 terras
668 3955 807 4018 ueniunt
829 3964 996 4040 terrasque
1019 3954 1232 4047 relinquunt:

269 4051 392 4117 sidereo
414 4075 479 4117 non
501 4064 539 4119 ut
561 4064 688 4142 pugnet
710 4058 892 4123 contrarius
914 4058 985 4123 orbi

270 4156 326 4220 sed
348 4179 413 4242 qua
435 4158 576 4224 mundus
599 4160 667 4246 agit
691 4183 812 4238 cursus,
833 4161 971 4226 inclinat
994 4170 1028 4226 et
1050 4160 1120 4246 ipse

268 4260 466 4348 amissaeque
488 4273 587 4350 negat
610 4265 709 4332 uires.

202 4411 279 4454 cum
298 4391 478 4456 contrarius
503 4393 707 4480 intellegitur
733 4395 825 4472 ortis,
850 4392 1094 4479 quodquidam
1118 4393 1218 4458 etiam
1241 4416 1299 4480 pro
