3074 5092
185 377 223 435 36
559 378 681 439 SILVA
713 379 970 440 MANILIANA.

184 560 289 626 scribe
312 560 484 638 Phocione,
507 569 584 626 ante
611 568 728 626 utentes
751 560 915 626 distincto.
953 567 992 625 ut
1015 570 1093 626 ante
1116 561 1151 625 in
1174 559 1352 647 ‘pacandi’

187 665 232 729 sic
252 688 340 730 nunc
361 666 395 730 in
416 665 556 730 ‘laudis'
578 665 733 750 ambigua
753 664 990 749 significatione
1013 665 1146 731 luditur.
1190 664 1231 730 de
1254 665 1353 730 laude

187 769 378 853 simpliciter
393 791 450 855 pro
466 768 601 832 militari
624 768 720 832 laude
742 767 849 853 posita
869 791 943 832 cum
965 777 1097 834 taceant
1118 767 1231 847 lexica‚
1247 790 1352 853 pauca

188 871 258 935 eius
276 871 520 956 significationis
540 894 701 957 apponam
721 873 887 955 exempla:
910 872 1003 956 Prop.
1022 876 1048 937 1.
1070 875 1099 938 6.
1122 875 1162 937 29
1184 879 1268 935 ‘non
1290 894 1351 956 ego

188 998 259 1040 sum
285 976 385 1053 laudi,
400 999 464 1040 non
487 983 585 1040 natus
606 975 738 1040 idoneus
760 975 875 1039 armis:
892 975 896 1061 l
913 975 995 1040 hanc
1022 999 1075 1040 me
1101 975 1255 1041 militiam
1281 975 1352 1039 fata

188 1080 296 1145 subire
313 1081 446 1158 uolunt‚'
463 1080 504 1145 ib.
521 1083 550 1145 3.
569 1084 597 1144 1.
614 1084 654 1143 15
671 1102 738 1166 sqq.
754 1079 878 1158 ‘multi,
895 1080 1008 1158 Roma,
1024 1088 1097 1144 tuas
1117 1078 1227 1146 laudes
1247 1101 1349 1144 anna-

97 1246 100 1251 ,
187 1183 274 1248 libus
296 1183 520 1248 addent-sed
544 1181 629 1268 quod
650 1204 730 1268 pace
756 1183 853 1267 legas,
876 1205 957 1268 opus
981 1182 1042 1247 hoc
1064 1183 1105 1248 de
1128 1192 1240 1249 monte
1263 1205 1350 1248 soro-

188 1310 259 1351 rum
279 1285 283 1360 Ι
305 1286 425 1352 detulit
443 1287 568 1351 intacta
585 1287 705 1371 pagina
723 1294 833 1350 nostra
853 1284 924 1364 uia,'
946 1285 1015 1351 Tib.
1039 1290 1110 1351 1.1.
1129 1291 1168 1351 67
1190 1293 1272 1351 ‘non
1290 1309 1349 1372 ego

190 1393 323 1457 laudari
348 1392 462 1479 cupio,’
487 1396 514 1457 2.
538 1396 566 1458 5.
592 1395 633 1456 10
658 1391 793 1456 ‘uictori
818 1391 929 1456 laudes
952 1391 1152 1456 concinuisse
1172 1391 1263 1457 Ioui'
1308 1392 1350 1456 de

190 1496 249 1559 hac
272 1494 405 1559 ‘laudis’
428 1495 665 1581 significatione
688 1494 810 1559 multos
833 1494 953 1559 abhinc
975 1517 1078 1559 annos
1102 1495 1275 1560 admonuit
1296 1516 1350 1559 me

187 1598 311 1663 amicus
326 1606 436 1663 noster
451 1599 493 1663 H.
513 1599 560 1664 W.
577 1598 617 1663 dc
633 1597 734 1683 Turpi
750 1597 851 1664 Vado.

254 1777 291 1824 IV
309 1764 371 1825 166
387 1783 454 1847 sqq.
470 1761 525 1844 (dc
542 1761 658 1826 Cancri
673 1761 734 1826 sub
750 1782 853 1847 eoque
868 1769 1019 1825 natorum
1034 1760 1188 1847 ingenio).

319 1891 374 1956 illc
397 1900 496 1956 tenax
519 1891 620 1955 animi
643 1892 813 1977 nullosque
837 1891 958 1955 effusus
980 1890 1015 1955 in
1038 1913 1116 1955 usus
1285 1894 1347 1957 165

319 1996 471 2060 attribuit
495 1997 600 2060 uarios
624 2004 777 2082 quaestus
800 2003 970 2080 artemque
993 1995 1173 2059 lucrorum:

319 2123 424 2165 merce
447 2101 617 2186 peregrina
639 2100 802 2164 fortunam
826 2101 908 2164 ferre
932 2121 990 2184 per
1013 2099 1109 2163 urbes

320 2215 353 2268 et
374 2204 488 2290 grauia
510 2226 656 2267 annonae
679 2204 901 2288 speculantem
924 2203 1075 2267 incendia
1097 2203 1206 2267 uentis

319 2310 448 2374 credere
471 2331 547 2395 opes
570 2308 704 2394 orbique
727 2307 813 2371 orbis
836 2308 921 2372 bona
944 2308 1086 2372 uendere
1109 2329 1201 2393 posse

318 2419 432 2498 totque
456 2435 513 2496 per
535 2412 662 2497 ignotas
686 2412 877 2476 commercia
899 2411 1034 2498 iungere
1057 2420 1159 2475 terras
1283 2410 1347 2476 170

318 2527 417 2601 atque
440 2517 504 2580 alio
526 2516 587 2580 sub
610 2516 675 2580 sole
698 2537 799 2580 nouos
822 2515 990 2600 exquirere
1013 2537 1126 2579 census

318 2631 352 2683 et
374 2642 481 2684 rerum
505 2620 609 2706 pretio
632 2617 757 2683 subitas
780 2640 971 2703 componere
994 2617 1130 2703 praedas

317 2724 453 2808 nauigat
475 2733 509 2788 et
531 2724 643 2788 celeris
665 2723 806 2809 optando
829 2721 971 2786 sortibus
993 2743 1095 2786 annos

318 2828 466 2893 dulcibus
490 2828 595 2893 usuris
617 2850 720 2913 aequo
743 2850 872 2913 quoquc
895 2836 1044 2913 tempora
1065 2825 1189 2892 uendit

318 2933 487 3018 ingenium
510 2933 620 2998 sollers
643 2955 765 3018 suaque
788 2933 822 2997 in
846 2931 1038 3018 compendia
1061 2953 1200 3017 pugnax.
1283 2928 1345 2996 175

252 3085 387 3169 accipet
401 3085 442 3149 ad
458 3087 686 3171 praecedentia
698 3087 731 3150 hi
745 3087 889 3161 trahunt,
902 3087 949 3150 illi
961 3087 1002 3150 ad
1015 3085 1198 3172 sequentia:
1220 3085 1348 3151 neutris

188 3196 300 3252 tamen
322 3189 483 3252 conuenit.
528 3212 603 3252 nam
628 3189 832 3252 librariorum
852 3190 939 3254 fetus
961 3201 1019 3266 est,
1042 3212 1107 3253 non
1130 3198 1254 3274 poetae.
1292 3190 1347 3254 hic

188 3292 360 3377 scripserat
382 3310 431 3356 NA
439 3310 484 3356 Va
504 3311 597 3357 narr.
643 3292 781 3357 Plautus
803 3293 837 3355 in
856 3292 1065 3358 Friuolarice
1089 3293 1271 3378 fragmento
1295 3315 1346 3379 ap.

189 3397 274 3461 Fest.
288 3400 358 3473 166,
374 3400 415 3460 32
431 3405 532 3462 ‘nnuc
546 3420 640 3482 apere
655 3406 784 3482 oportet
800 3396 887 3482 quod
902 3419 988 3480 agas,
1000 3418 1064 3459 non
1077 3395 1257 3472 ductaricr‚'
1274 3395 1346 3461 Sal-

189 3500 307 3563 lustius
318 3500 393 3582 Iup.
409 3500 459 3576 77,
477 3505 496 3565 3
512 3508 609 3565 ‘noue
624 3500 784 3565 fecerant’
829 3501 965 3585 compat
981 3499 1185 3564 librariorum
1202 3499 1346 3565 incuriae

188 3604 335 3678 debetur,
349 3613 457 3668 mente
473 3604 513 3667 ad
530 3603 767 3669 66167-171
782 3602 1012 3668 aberrantium.
1052 3601 1151 3666 simili
1167 3625 1272 3667 errore
1288 3626 1346 3689 pro

188 3708 274 3772 actis
289 3711 327 3789 (v
343 3711 422 3786 369)
438 3707 636 3793 scripserunt
651 3708 759 3773 666666
779 3706 856 3792 quia
873 3716 971 3793 ponto
993 3716 1218 3793 praecesserat
1264 3707 1299 3771 in
1315 3731 1346 3773 u.

189 3814 252 3876 174
267 3810 438 3876 durissime
453 3811 578 3876 dictum
590 3820 710 3897 ‘aequo
722 3833 850 3896 quoque
862 3812 869 3837 '
882 3810 909 3874 si
921 3820 996 3876 cent.
1007 3832 1070 3896 per
1080 3820 1157 3877 cent.
1170 3811 1348 3896 significat;

187 3915 244 3979 scd
260 3936 357 4000 aequo
373 3914 505 3978 fortasse
520 3914 648 3999 generis
663 3913 834 3978 masculini
850 3924 949 3978 estet
965 3936 1039 3978 cum
1056 3914 1346 3981 (761666666οηί66-

187 4021 339 4105 gendum.

252 4183 290 4230 1v
315 4169 378 4230 200
393 4188 438 4251 sq.

317 4297 352 4361 in
375 4297 459 4362 uitio
481 4297 586 4361 bonus
610 4304 646 4359 ut
669 4305 796 4360 teneros
819 4295 922 4381 pudor
944 4295 1083 4381 impedit
1105 4317 1206 4360 annos

317 4423 499 4488 magnaque
521 4408 657 4465 naturae
680 4400 859 4464 cohibendo
881 4422 1018 4466 munera
1040 4400 1155 4465 frenat.
