3074 5092
561 382 683 444 SILVA
717 383 969 446 MANILIANA.
1306 387 1341 446 51

270 590 329 633 nec
352 568 460 634 minus
482 577 515 634 et
538 568 696 635 scelerum
720 569 800 634 facie
823 591 996 655 rerumque
1021 570 1168 635 tumultu

271 672 465 758 gaudebunt
486 673 550 739 atri
573 674 698 739 luctum
721 695 899 739 memorare
922 673 1084 760 sepulchri

271 785 522 864 ructantemque
544 787 672 864 patrem
695 788 788 844 natos
811 779 976 865 solemque
1000 801 1165 844 reuersum

271 891 305 946 et
327 903 458 946 caecum
481 881 550 947 sine
572 882 638 947 sola
661 882 757 948 diem.
802 882 959 948 Thebana
980 883 1110 948 iuuabit

271 984 377 1051 dicere
400 986 487 1051 bella
509 988 594 1053 uteri
616 987 823 1073 mixtumque
846 988 881 1052 in
903 990 1002 1054 fratre
1025 996 1192 1074 parentem
1282 990 1345 1054 465

272 1113 428 1176 quaerere
451 1091 587 1158 Medeae
609 1101 704 1158 natos
727 1094 923 1180 fratremque
946 1102 1136 1179 patremque

272 1193 348 1259 binc
371 1195 473 1260 uestis
495 1195 586 1260 illinc
608 1196 756 1261 flammas
779 1219 836 1282 pro
859 1220 992 1263 munere
1015 1198 1129 1263 missas

272 1296 457 1384 aeriamque
480 1299 590 1384 fugam
613 1305 788 1384 uectosque
811 1321 851 1364 ex
874 1298 1005 1387 ignibus
1027 1323 1136 1366 annos.

250 1426 329 1491 baec
351 1426 391 1491 ad
412 1426 614 1513 expedienda
635 1429 745 1513 paullo
770 1429 914 1515 longiore
936 1430 1157 1515 disputatione
1179 1451 1260 1515 opus
1275 1428 1346 1494 erit.

185 1531 220 1595 in
235 1554 266 1596 u.
282 1534 345 1598 462
361 1531 409 1597 ita
426 1533 554 1598 uariant
570 1534 695 1599 codices
716 1543 754 1598 ut
775 1535 843 1600 atri
860 1557 934 1620 pars
950 1534 1059 1612 maior,
1076 1556 1154 1601 aare
1169 1533 1347 1598 Vossianus

186 1637 354 1713 secundus,
369 1646 408 1702 ut
424 1637 564 1715 uidetur,
579 1639 655 1704 auri
670 1639 872 1704 Matritensis
888 1639 1050 1715 exhibeat,
1066 1661 1140 1703 mox
1156 1660 1212 1724 pro
1229 1638 1347 1704 lactum

186 1742 271 1826 qnod
288 1741 422 1826 quidam
438 1751 614 1828 praestant,
627 1743 879 1821 Gemblacensis,
892 1743 1048 1821 Cusanus,
1060 1741 1217 1817 Vossiani,
1234 1742 1347 1806 Matri·

186 1845 286 1910 tensis
313 1846 424 1910 lacum
450 1847 688 1924 commendent,
713 1847 789 1911 dein
816 1847 946 1911 cumin
974 1847 1088 1911 ceteris
1115 1847 1157 1911 sit
1181 1846 1348 1933 sepulchri,

187 1948 362 2013 Vossianus
378 1950 469 2026 alter,
484 1950 686 2015 Matritensis
702 1959 735 2015 et
750 1949 890 2035 aprima
905 1949 1036 2035 quidem
1056 1972 1154 2014 manu
1171 1948 1347 2035 Lipsiensis

186 2052 354 2138 sepulchro
379 2053 564 2138 praebeant.
618 2053 654 2117 in
679 2053 826 2138 proximo
851 2076 927 2118 uero
954 2075 1048 2118 uersu
1075 2053 1160 2118 solus
1187 2076 1207 2117 a
1232 2053 1348 2118 ceteris

187 2155 341 2220 dissentit
357 2156 609 2232 Gemblaoensis,
626 2155 705 2220 dnm
721 2156 980 2241 ‘luctantemque
1002 2164 1129 2241 patrem
1150 2154 1243 2222 nato'
1260 2156 1348 2241 legit.

188 2259 274 2324 haud
309 2283 373 2324 uno
404 2268 516 2325 tarnen
549 2269 741 2345 argumento
770 2259 946 2325 refellitur:
982 2282 1058 2324 nam
1089 2267 1123 2323 et
1153 2258 1281 2325 ‘natos'
1307 2261 1349 2325 ab

187 2364 287 2429 Atreo
325 2364 488 2450 adpositos
526 2365 693 2450 Thyestes,
729 2387 793 2428 non
830 2365 979 2441 ‘natum’
1010 2363 1152 2429 comedit
1189 2371 1223 2428 et
1261 2365 1350 2429 facil-

188 2468 265 2532 lime
298 2475 409 2533 ‘natos
441 2453 623 2553 solemque'
653 2467 687 2531 in
720 2475 814 2532 ‘nato
851 2464 1032 2553 solemque,'
1063 2469 1284 2533 ‘ructantem'
1315 2469 1349 2532 in

187 2573 402 2637 ‘luctantem'
425 2573 590 2637 abiturum
613 2581 691 2648 erat,
713 2595 789 2637 cum
810 2572 1000 2659 praesertim
1023 2572 1171 2636 ‘luxum'
1190 2574 1244 2638 uel
1265 2574 1349 2638 ‘luc-

188 2676 276 2741 tum'
292 2677 526 2755 antecessisset,
542 2685 654 2742 contra
675 2699 752 2741 uero
770 2677 827 2741 uix
846 2677 912 2741 ullo
932 2676 1027 2740 modo
1048 2675 1218 2761 deprauari
1234 2687 1350 2762 posset.

189 2781 252 2846 buc
268 2782 391 2848 accedit
411 2781 506 2867 quod,
522 2782 550 2846 si
570 2782 677 2847 locum
699 2781 790 2844 illum
814 2781 956 2846 Senecae
977 2780 1017 2845 de
1039 2802 1102 2866 quo
1122 2781 1205 2845 infra
1226 2781 1352 2846 dicetur

189 2885 253 2949 buc
283 2885 457 2962 rettuleris,
483 2886 584 2950 etiam
611 2883 693 2948 illud
719 2883 804 2948 obici
828 2884 959 2969 poterit,
986 2885 1106 2948 rectius
1132 2884 1196 2949 dici
1226 2885 1259 2949 in
1290 2885 1351 2950 tali

189 3011 223 3054 re
246 2998 362 3054 natum
386 3013 461 3054 cum
486 2999 579 3076 patre
606 3013 704 3076 quam
730 2998 857 3076 patrem
882 3012 956 3054 cum
981 2996 1058 3054 nato
1081 2989 1206 3054 luctari.
1252 3012 1351 3074 quare

191 3093 301 3159 ualeat
328 3093 388 3159 hoo
412 3093 654 3160 Gemblaoensis
685 3095 865 3157 inuentum.
920 3092 1034 3157 eodem
1062 3093 1158 3158 abeat
1184 3093 1353 3178 sepulchra

190 3195 277 3281 quod
301 3218 341 3261 ne
364 3196 426 3283 ipsi
454 3196 586 3282 quidem
613 3195 740 3272 Iacobo,
762 3195 820 3281 qui
848 3217 932 3260 unus
958 3195 1089 3280 recepit,
1116 3195 1194 3259 satis
1220 3195 1353 3279 placuit.

189 3297 256 3363 iam
279 3299 354 3377 otri,
374 3299 489 3365 mortis
510 3298 698 3385 funerisque
722 3299 852 3386 uolgare
876 3298 1054 3383 epitheton,
1076 3296 1111 3361 in
1135 3297 1194 3362 hoc
1218 3298 1353 3363 immani

189 3402 283 3468 Atrei
305 3404 424 3470 scelere
445 3404 528 3469 nihil
547 3404 667 3491 proprii
686 3403 795 3470 habet.
841 3425 960 3489 repone
979 3403 1099 3480 rastri,
1115 3411 1128 3468 t
1143 3402 1264 3467 scilicet
1279 3410 1354 3487 post

190 3506 413 3592 ‘gaudebunt’
449 3508 574 3574 amisso,
631 3508 676 3572 sic
705 3509 794 3573 enim
824 3507 931 3593 ipsum
961 3507 1087 3573 facinus
1116 3506 1300 3593 appellatur
1334 3530 1354 3572 a

192 3611 325 3690 Seneca,
343 3611 462 3698 Thyoei.
487 3611 549 3677 785
565 3635 621 3697 sq,
641 3612 795 3677 ‘uerterit
817 3635 927 3676 currus
951 3612 1035 3688 licet,
1054 3609 1058 3696 Ι
1079 3610 1142 3675 sibi
1164 3610 1233 3697 ipse
1256 3611 1354 3676 Titan

193 3716 326 3781 obuium
364 3716 486 3781 ducens
523 3718 586 3782 iter
613 3717 617 3803 Ι
648 3717 854 3803 tenebrisque
895 3717 1020 3782 facinus
1061 3717 1176 3780 obruat
1217 3725 1355 3783 taetram

192 3821 286 3885 nouis
304 3819 310 3906 Ι
330 3842 393 3884 nox
421 3820 520 3885 missa
546 3823 587 3886 ab
614 3823 706 3888 ortu.'
750 3822 846 3888 taetri
872 3821 1011 3908 scprdcri
1040 3820 1164 3886 dictum
1191 3830 1228 3886 ut
1260 3821 1293 3884 in
1320 3843 1354 3885 re

193 3923 291 3988 simili
321 3922 461 3987 ‘crudeli
498 3925 661 4010 sepulcro'
692 3925 733 3990 ab
772 3925 877 3990 Ennio
907 3925 993 3990 Ana.
1022 3927 1085 3989 139
1116 3923 1283 4006 (Mueller)
1314 3923 1355 3987 de

194 4023 334 4089 uolturio
355 4024 520 4090 bominem
540 4027 736 4093 comedente.
783 4028 892 4092 1111111111
913 4026 939 4089 si
957 4025 1165 4090 retinendum
1182 4024 1356 4100 uidebitur,

193 4128 377 4214 proximum
403 4130 537 4194 fortasse
561 4131 624 4196 erit
650 4130 736 4216 quod
762 4130 863 4195 Silius
890 4129 989 4193 habet
1013 4132 1062 4192 11.
1086 4130 1151 4193 400
1174 4126 1355 4192 ‘combibat

194 4233 325 4319 illapsos
345 4232 461 4299 ductor
482 4256 540 4320 per
561 4235 685 4300 uiscera
705 4236 818 4300 luxus.¹
864 4233 920 4299 sed
940 4232 1021 4298 illud
1043 4232 1170 4307 lactura,
1192 4229 1279 4316 qnod
1299 4253 1357 4316 per

195 4336 381 4422 sequidem
402 4339 498 4403 nihili
519 4346 578 4416 est,
598 4346 715 4424 potest,
729 4337 825 4403 modo
845 4359 886 4402 ne
907 4335 1146 4423 interpolatoris
1166 4335 1218 4414 sit,
1235 4334 1358 4400 luctam

195 4441 331 4511 innuere
362 4441 458 4508 istam
489 4441 529 4506 de
560 4465 625 4533 qua
655 4443 800 4532 loquitur
831 4442 953 4507 Seneca
983 4442 1024 4505 ab
1055 4439 1167 4504 Ellisio
1197 4439 1358 4515 laudatus,

1197 4541 1276 4605 4-2
