3074 5092
339 1279 412 1352 AD
457 1277 741 1354 LECTOREM
785 1277 1100 1352 PRAEFATIO.

201 1605 365 1670 NOSTRAE
403 1607 436 1669 in
474 1606 609 1671 Manilio
648 1607 781 1693 uigiliae
817 1608 845 1671 si
883 1607 964 1692 quid
1001 1607 1084 1684 Tibi,
1120 1603 1296 1672 LEOTOR

136 1717 388 1795 BENEVOLE,
408 1717 450 1782 ad
470 1718 653 1782 difficillimi
675 1718 838 1803 scriptoris
861 1717 1079 1805 cognitionem
1099 1717 1200 1782 auxili
1222 1738 1296 1780 con-

139 1829 295 1908 tulerunt,
315 1830 415 1894 uelim
437 1830 604 1895 MALVINO
627 1832 817 1896 BEOHERTO
837 1840 1008 1916 acceptum
1028 1831 1153 1895 referas.
1200 1829 1297 1892 huius

139 1942 227 2005 enim
246 1942 318 2017 uiri,
338 1965 413 2006 cum
435 1943 537 2028 ipsius
557 1943 698 2008 auctoris
714 1953 785 2007 tum
807 1944 876 2008 eius
895 1943 1041 2008 codicum
1062 1953 1096 2006 et
1116 1942 1297 2007 editionum

140 2054 336 2138 peritissimi,
355 2078 446 2120 curas
467 2056 501 2119 in
523 2066 631 2129 nostro
653 2056 792 2142 Corpore
814 2057 988 2122 Poetarum
1009 2057 1200 2120 Latinorum
1224 2078 1298 2119 mox

141 2167 280 2232 edendas
303 2168 542 2254 pellegentibus
566 2169 653 2233 haud
673 2169 753 2233 adeo
774 2191 936 2254 perpauca
958 2168 1051 2232 nobis
1072 2175 1299 2232 succurrerunt

141 2300 224 2362 quae
249 2279 348 2364 digna
371 2279 442 2344 uisa
466 2289 544 2344 sunt
571 2289 609 2344 ut
635 2281 669 2344 in
699 2281 804 2345 lucem
832 2281 910 2345 data
936 2289 1115 2346 ceterorum
1142 2279 1298 2343 iudicium

141 2391 372 2475 experirentur.
419 2392 506 2478 quod
521 2393 668 2457 codicum
689 2401 818 2478 praeter
839 2393 1066 2458 Matritensem
1082 2391 1234 2455 notitiam
1249 2401 1298 2455 at-

142 2501 248 2587 tingit,
264 2525 284 2567 a
299 2503 458 2568 Becherto
474 2513 563 2569 totus
578 2505 711 2590 pendeo.
757 2505 911 2569 lectiones
931 2505 966 2569 in
987 2504 1037 2569 his
1058 2526 1141 2589 quae
1162 2525 1299 2588 sequen·

142 2622 197 2678 tur
217 2614 336 2680 citatae
359 2616 603 2702 significataeue
627 2639 738 2681 omnes
758 2617 903 2681 indidem
926 2617 1115 2702 desumptae
1139 2623 1215 2680 sunt
1238 2615 1300 2679 nisi

142 2748 222 2810 quas
243 2749 283 2790 ex
304 2726 410 2790 Ellisii
432 2728 532 2790 nostri
552 2727 706 2793 Noctibus
727 2727 923 2793 Monilioaic
941 2749 1009 2791 esse
1028 2727 1159 2791 haustas
1182 2725 1300 2790 diserte

142 2837 326 2902 dixerimus.
372 2838 459 2923 quod
473 2839 515 2903 ad
530 2839 752 2905 Matriteuserrt
771 2839 901 2917 attinet,
922 2839 1022 2924 copiis
1044 2839 1169 2904 utimur
1188 2837 1302 2915 Ellisii,

143 2949 277 3035 eiusque
297 2950 502 3015 sanissimum
524 2951 564 3016 de
586 2951 655 3016 eius
674 2952 791 3016 codicis
807 2952 911 3037 pretio
933 2950 1090 3016 iudicium
1106 2951 1140 3014 in
1156 2949 1301 3035 opusculi

143 3063 245 3128 nostri
275 3062 417 3148 capitulo
448 3063 503 3127 ΙΙΙ
533 3065 627 3128 nouis
665 3064 798 3149 insuper
834 3063 1037 3150 argumentis
1067 3063 1301 3127 confirmamus.

144 3183 267 3239 ceteros
291 3176 386 3240 modo
412 3177 554 3255 nomine,
579 3175 674 3241 modo
704 3185 782 3241 nota
810 3198 878 3254 sua,
908 3197 1071 3261 quemque
1102 3177 1240 3239 citamus
1266 3174 1301 3238 in

146 3285 232 3350 hunc
254 3287 405 3351 modum:
442 3287 695 3354 Gombluceooem
717 3288 771 3353 uel
796 3288 835 3364 G,
855 3287 1054 3373 Lipsiemem
1073 3287 1126 3351 uel
1147 3286 1183 3364 L,
1203 3286 1302 3352 Orna-

144 3421 222 3463 rtum
242 3400 295 3463 uel
313 3401 346 3475 0,
368 3399 559 3465 Vossiaaurn
574 3401 723 3486 primum
741 3400 795 3465 uel
816 3400 866 3477 V„
888 3400 1076 3465 Vossiuaum
1097 3399 1233 3464 alterum
1248 3399 1303 3463 uel

150 3510 201 3587 V„
217 3511 436 3579 Monacensem
451 3514 505 3579 uel
520 3515 565 3579 M.
610 3514 650 3579 de
672 3515 835 3579 nonnullis
856 3514 1020 3578 codicibus
1039 3513 1225 3578 Manilianis
1246 3513 1303 3598 qui

147 3622 279 3707 quidem
304 3623 399 3688 hodie
426 3633 541 3690 extant
568 3625 602 3688 in
630 3625 743 3690 eodem
770 3626 876 3711 capite
897 3625 953 3689 ΙΙΙ
977 3625 1138 3710 quaedam
1160 3624 1305 3689 breuiter

146 3734 387 3820 disputauimus
413 3743 452 3800 ut
476 3736 574 3800 simul
604 3737 789 3822 legentibus
818 3737 998 3800 indicemus
1028 3757 1092 3800 non
1122 3736 1304 3821 neglectam

147 3867 216 3909 esse
242 3867 262 3909 a
288 3846 380 3910 nobis
409 3846 555 3912 codicum
579 3847 723 3932 ipsorum
747 3870 856 3912 curam
885 3856 984 3932 atque
1014 3847 1183 3924 rationem,
1206 3847 1303 3910 simul

149 3960 319 4024 materiam
348 3960 491 4046 aliquam
522 3962 723 4026 conferamus
752 3961 868 4026 ceteris
897 3982 1026 4046 quoque
1056 3959 1113 4044 qui
1143 3968 1217 4045 post
1246 3981 1303 4023 nos

147 4080 262 4155 poetae
278 4094 462 4137 succurrere
478 4073 641 4138 uoluerint
657 4073 798 4158 quodam
814 4072 907 4136 modo
923 4072 1057 4136 fortasse
1072 4072 1287 4156 profuturam.

214 4184 341 4248 Manilii
359 4185 526 4271 ingenium
543 4208 583 4250 ne
602 4185 714 4250 multis
734 4186 788 4251 uel
809 4186 940 4250 laudem
956 4185 1010 4249 uel
1026 4185 1181 4270 castigem
1197 4184 1305 4249 obstat

149 4297 357 4385 praefationis
381 4299 478 4363 huius
503 4299 646 4364 breuitas
668 4299 855 4374 necessaria,
876 4307 987 4362 tamen
1008 4297 1246 4361 desideraretur
1270 4297 1304 4360 in
