3074 5092
191 336 208 394 6
563 335 685 399 SILVA
715 339 973 400 MANILIANA.

189 520 277 584 caelo
292 542 420 606 quoque
436 521 570 586 Perseus
585 544 663 586 suus
680 521 856 607 pristinum
876 543 1019 585 amorem
1040 527 1213 603 seruaret);
1234 517 1349 584 similis

191 631 261 686 erat
275 622 341 687 iam
356 623 487 709 iamque
503 624 638 702 tenenti,
654 624 720 688 iam
736 624 867 710 iamque
882 625 1009 690 tenenti
1025 623 1140 688 similis
1155 631 1212 688 est.
1251 622 1348 707 quid?

190 724 218 788 si
244 725 379 790 alteram
406 749 446 791 ex
475 727 540 791 illis
570 727 646 792 feris
676 750 757 814 quas
786 727 821 791 in
852 750 929 792 saxa
959 749 1130 792 conuersas
1160 749 1229 791 esse
1259 725 1349 790 Naso

188 828 354 893 fabulatur
373 829 461 913 (Met.
484 829 512 896 7.
536 829 598 896 785
616 836 699 917 sqq.)
723 853 798 895 cum
822 831 901 895 haec
924 831 1059 916 lugeret,
1079 830 1137 894 illa
1160 839 1349 916 sequeretur

189 933 385 1020 fsimilisque
412 934 555 999 tenenti'
579 958 645 999 non
672 943 807 1010 teneret,
834 956 964 998 saxeam
993 933 1059 997 iam
1090 933 1209 997 factam
1239 932 1349 1019 aliquo

188 1046 347 1102 terrarum
371 1048 576 1123 asportasses,
597 1062 677 1102 num
702 1039 793 1103 illam
820 1039 972 1104 continuo
998 1061 1064 1103 non
1088 1038 1235 1124 ‘fugere’
1262 1038 1349 1101 hunc

188 1165 253 1206 non
272 1150 419 1229 ‘captare
434 1141 583 1229 putares’
599 1145 644 1227 (u.
662 1143 763 1226 791)7

255 1297 268 1343 1
292 1278 353 1344 741
377 1303 446 1366 sqq.

601 1407 661 1448 nec
683 1385 776 1469 signa
797 1384 927 1448 insueta
949 1383 1064 1447 tulisse

363 1476 508 1555 errantes
529 1497 610 1554 nutu
636 1489 783 1553 flammas
806 1510 1000 1572 currumque
1023 1487 1166 1551 solutum

362 1592 525 1656 deflexum
547 1593 642 1655 solito
664 1614 759 1656 cursu
782 1591 955 1677 curuisque
978 1589 1153 1676 quadrigis.

255 1744 284 1785 u.
310 1718 372 1785 742
400 1721 505 1784 alieno
529 1721 597 1784 loco
621 1743 689 1785 esse
714 1721 855 1805 positum
878 1719 952 1806 quis
973 1726 1023 1783 est
1046 1718 1104 1804 qui
1126 1741 1192 1782 non
1213 1718 1349 1783 uideat?

189 1846 266 1888 nam
292 1823 334 1888 ab
357 1824 589 1909 interpolatore
613 1823 742 1888 uenisse
769 1823 968 1907 exquisitum
998 1821 1080 1886 illud
1110 1821 1219 1887 curuis
1248 1821 1348 1906 quod-

189 1928 271 2012 ra‘yis
293 1926 486 2011 (καμπύλον
510 1925 599 2011 ἅρμα
621 1928 676 1992 uel
699 1927 827 2016 ὄχημα)
842 1948 939 1991 nemo
961 1926 1037 2004 iarn,
1059 1925 1179 2011 opinor,
1200 1925 1350 1990 Bentleio

188 2033 349 2097 concedet.
403 2032 463 2095 hoc
486 2031 663 2116 disperisse
689 2042 770 2116 puto
795 2032 949 2096 Iacobum
976 2030 1038 2096 743
1060 2038 1134 2116 post
1158 2027 1218 2094 741
1244 2038 1349 2094 trans-

188 2135 300 2222 positu.
346 2144 469 2222 quanto
496 2137 612 2200 melius
642 2135 670 2200 si
696 2133 759 2200 742
786 2143 860 2220 post
888 2134 950 2200 739
974 2134 1178 2198 collocasset!
1224 2133 1348 2199 iudicet

189 2240 298 2306 lector.

298 2363 384 2426 fama
406 2361 505 2426 etiam
529 2362 672 2448 antiquis
694 2362 735 2425 ad
759 2384 816 2426 nos
838 2360 1005 2425 descendit
1028 2359 1069 2424 ab
1091 2358 1184 2423 annis
1284 2357 1347 2424 735

298 2466 538 2530 Phaethontem
560 2466 666 2551 patrio
689 2488 783 2528 curru
808 2487 864 2549 per
886 2464 978 2548 signa
1002 2463 1167 2527 uolantem

297 2570 376 2632 dum
398 2591 483 2633 noua
506 2569 642 2634 miratur
664 2569 796 2654 propius
819 2568 974 2633 miracula
996 2566 1111 2631 mundi

298 2683 332 2738 et
354 2696 435 2758 puer
457 2674 491 2737 in
513 2673 601 2738 caelo
622 2672 708 2737 ludit
730 2695 889 2757 curruque
913 2671 1070 2757 superbus

297 2777 441 2841 luxuriat
463 2776 577 2852 nitido,
599 2776 690 2860 cupit
713 2783 746 2839 et
769 2775 891 2839 maiora
913 2784 1056 2860 parente,
1284 2772 1347 2840 739

297 2882 460 2946 deflexum
483 2881 577 2945 solito
598 2903 693 2945 cursu
716 2880 889 2966 curuisque
912 2880 1078 2966 quadrigis
1284 2878 1348 2944 743

297 2992 492 3048 monstratas
515 2982 647 3068 liquisse
669 2982 740 3047 uias
762 2984 938 3069 orbemque
961 2983 1083 3070 rigenti
1283 2982 1348 3046 740

296 3089 474 3174 inposuisse
497 3089 588 3174 polo;
618 3111 676 3152 nec
699 3089 791 3173 signa
813 3088 944 3153 insueta
965 3089 1077 3152 tulisse

296 3202 440 3258 errantes
461 3191 566 3256 nutu¹
588 3191 736 3256 flammas
759 3214 954 3277 currumque
978 3191 1128 3255 solutum.

253 3343 266 3389 1
289 3327 352 3391 809
375 3347 444 3411 sqq.

295 3461 373 3518 sunt
395 3451 459 3516 alia
480 3451 615 3516 aduerso
637 3450 819 3535 pugnantia
841 3449 946 3513 sidera
967 3448 1090 3513 mundo

295 3579 377 3642 quae
400 3563 520 3621 terram
542 3556 731 3641 caelumque
753 3555 840 3619 inter
862 3553 1037 3618 uolitantia
1058 3553 1212 3639 pendent,

295 3659 437 3736 Saturni,
460 3659 549 3723 Iouis
571 3670 605 3724 et
627 3659 743 3723 Martis
766 3658 936 3744 Solisque3
965 3659 1026 3723 sub
1048 3658 1112 3722 illis

294 3763 473 3828 Mercurius
495 3763 656 3827 Venerem
679 3762 766 3826 inter
788 3762 858 3849 agit
881 3761 1073 3845 Lunamque
1097 3762 1230 3829 locatus

251 3891 308 3955 hos
338 3913 392 3956 uu.
418 3913 507 3976 quoa,
535 3913 610 3954 cum
640 3890 765 3955 codices
792 3889 989 3955 alienissimo
1019 3890 1088 3956 loco
1118 3891 1239 3976 positos
1268 3901 1351 3959 ante

185 4017 213 4059 u.
237 3997 300 4059 805
321 3994 488 4072 haberent,
509 3993 572 4057 huc
593 4002 839 4079 transposuerat
860 3993 1012 4078 Scaliger,
1035 4016 1092 4078 pro
1115 3994 1233 4079 spuriis
1254 3995 1349 4061 dam-

183 4098 277 4163 nanti
297 4098 446 4162 Bentleio
466 4098 514 4162 ita
536 4098 777 4182 obtemperauit
796 4096 934 4160 Iacobus
955 4106 992 4161 ut
1015 4119 1035 4161 a
1058 4097 1194 4161 Manilio
1217 4099 1349 4166 uenisse

184 4229 237 4272 uu.
255 4209 317 4270 811
335 4213 370 4270 et
385 4208 449 4270 812
464 4227 559 4292 aegre
575 4205 637 4270 sibi
651 4205 844 4289 persuadere
859 4204 990 4270 diceret.
1035 4206 1168 4271 tametsi
1183 4228 1203 4269 a
1218 4206 1350 4273 duobus

558 4376 567 4408 ¹
583 4383 650 4426 oreta
661 4375 748 4425 Bentl.
761 4376 872 4426 fumasse
884 4380 960 4428 reate.
