3074 5092
503 393 626 459 SILVA
656 393 916 458 MANILIANA.
1254 398 1292 457 39

203 580 251 647 ita
271 581 458 659 Salmasius,
478 605 498 646 a
517 581 690 658 codicibus,
705 581 762 667 qui
782 581 919 648 decanus
939 582 992 647 uel
1012 582 1153 668 depasce
1173 588 1295 646 testan-

138 693 201 763 tur,
215 685 343 772 longius
357 686 518 751 recedens.
562 685 666 751 scribe
680 703 840 751 DANAAE.

202 840 241 888 Ν
257 822 319 889 417

440 945 542 1033 partis
563 946 724 1032 fugientia
746 946 884 1012 flumina
905 947 992 1034 ripis,

202 1083 400 1148 sententiam
421 1085 593 1149 uerborum
612 1084 755 1170 dispexit
775 1084 951 1161 Breiterus,
965 1083 1036 1170 ipsa
1059 1106 1123 1148 non
1144 1084 1297 1149 emenda-

137 1187 195 1251 uit.
240 1185 280 1250 de
310 1187 500 1252 fluminibus
529 1195 626 1272 poeta
655 1187 801 1274 loquitur
830 1210 914 1272 quae
944 1186 1089 1252 nondum
1119 1210 1178 1273 per
1204 1210 1297 1273 agros

136 1291 367 1377 populabunda
381 1301 542 1377 uagentur
557 1293 613 1357 sed
631 1292 740 1358 urstis
755 1291 834 1378 ripis
849 1292 1087 1358 contineantur.

202 1446 240 1493 Ν
263 1432 328 1495 434
349 1452 395 1518 sq.

265 1551 440 1616 incidimus
462 1551 489 1616 si
514 1551 621 1629 uerba,
643 1552 736 1640 piget
743 1577 751 1632 ;
781 1551 838 1616 sed
860 1550 968 1638 gratia
989 1551 1095 1616 deerit

266 1655 302 1720 in
324 1679 513 1743 uanumque
536 1658 627 1722 labor
649 1658 737 1722 cedit
759 1679 857 1744 quem
879 1657 1019 1742 despicit
1041 1656 1135 1721 suris.

201 1795 258 1861 scd
272 1794 325 1860 hic
339 1797 467 1860 nullum
483 1798 589 1862 locum
606 1796 714 1863 habet.
759 1796 921 1862 contraria
936 1796 1024 1862 enim
1040 1819 1105 1861 non
1120 1804 1198 1861 sunt
1209 1795 1299 1881 pipct

136 1907 171 1964 et
183 1900 296 1985 pratia
311 1900 419 1967 deerit.
464 1901 639 1986 legendum
656 1919 697 1966 sl.
741 1902 782 1966 de
801 1901 959 1986 propositi
979 1901 1084 1986 operis
1105 1900 1299 1964 difficultate

136 2026 276 2089 querens
306 2012 404 2089 poeta
433 2004 525 2089 ‘quin
557 2003 669 2069 etiem’
702 2004 811 2089 inquit
841 2006 880 2069 ‘si
906 2005 978 2091 ipss
1005 2004 1106 2069 uerba
1131 2004 1297 2078 inuenero,

136 2107 355 2193 displicebunt
389 2109 533 2187 inuenta,
564 2109 628 2173 nisi
663 2111 769 2195 gratia
805 2131 934 2195 quoque
967 2109 1146 2184 accesserit,
1177 2117 1211 2173 et
1241 2130 1299 2194 pro

136 2211 264 2296 perdito
285 2213 347 2277 erit
365 2213 457 2277 labor
476 2212 533 2296 qui
551 2212 685 2277 auribus
702 2236 766 2277 non
782 2213 995 2278 satisfecerit?
1039 2212 1243 2298 geminatum
1260 2213 1300 2289 si,

136 2317 222 2381 sicut
236 2317 324 2402 apud
339 2317 480 2403 optimos
501 2317 674 2403 scriptores
691 2319 781 2383 haud
797 2342 868 2384 raro
882 2319 1071 2404 geminatur
1085 2319 1137 2401 (of.
1154 2316 1298 2405 Maduig.
1414 2316 1417 2320 ’

134 2443 183 2506 pr.
199 2420 269 2486 Lar.
285 2419 301 2509 ξ
315 2423 379 2485 442
387 2424 431 2505 u),
445 2421 593 2486 librarios
608 2444 674 2486 non
690 2422 891 2488 intellexisse
907 2421 1060 2487 credibile
1077 2429 1134 2486 est.

203 2585 242 2632 IV
265 2571 328 2634 445

202 2689 537 2756 decuma-decumae
553 2691 595 2756 ab
610 2691 743 2776 optimis
758 2690 921 2755 codicibus
937 2689 1168 2775 recipiendum.
1211 2687 1298 2752 idem

137 2794 273 2859 trudunt
297 2794 332 2858 in
357 2817 387 2860 0.
415 2798 478 2860 450
505 2795 594 2877 (bis),
623 2797 698 2871 460,
729 2797 802 2870 462,
833 2792 907 2869 470,
937 2792 1010 2869 472,
1040 2793 1103 2857 487
1134 2793 1300 2858 decumum

137 2897 391 2974 Gemblucensis,
406 2900 469 2963 495
485 2898 635 2964 decumae
649 2897 738 2962 idem
753 2897 811 2983 qui
826 2896 926 2962 etiam
942 2896 1119 2962 00000000
1133 2913 1157 2958 v
1175 2894 1224 2960 57.

204 3052 243 3100 Ν
259 3038 323 3102 523
337 3057 383 3122 sq.

267 3156 424 3222 accedent
446 3164 480 3222 et
501 3156 585 3222 ruris
608 3178 685 3242 opes
707 3156 901 3243 propriaque
924 3155 1100 3220 iuuencum

268 3261 345 3327 dote
367 3285 426 3348 per
447 3260 593 3326 inuersos
616 3270 752 3326 exornat
774 3283 906 3326 uomere
929 3283 1066 3346 campos.

203 3401 380 3477 00000000,
397 3398 461 3464 nisi
481 3399 563 3464 forte
582 3421 641 3484 pro
662 3397 908 3463 ‘iuuencorum’
926 3398 1027 3482 (quod
1048 3420 1125 3461 sane
1145 3397 1299 3484 ambiguo

138 3504 271 3590 propius
286 3507 351 3590 est)
366 3504 590 3591 accipiendum
607 3504 782 3579 existimes
795 3512 982 3588 corruptum
998 3502 1172 3567 uidebitur.
1210 3503 1299 3568 sidus

139 3609 227 3673 enim
242 3609 383 3674 borsines
397 3608 499 3694 (quod
516 3608 619 3684 facile,
635 3616 674 3672 ut
688 3607 723 3671 in
738 3630 768 3672 0.
786 3611 858 3684 526,
874 3608 1058 3693 suppletur)
1078 3629 1137 3692 per
1155 3606 1300 3672 inuersos

139 3735 270 3779 uomere
303 3735 433 3799 campos
462 3712 594 3798 propriu
624 3712 699 3776 dote
730 3719 874 3788 exornat,
904 3734 968 3775 non
998 3711 1154 3776 iuuencos.
1211 3710 1299 3775 haud

139 3820 282 3886 multum
296 3818 445 3885 intererit
459 3818 590 3885 iuueucI
601 3840 644 3882 an
658 3817 815 3884 iuucucus
828 3817 927 3902 legas.

206 3973 245 4022 Ν
260 3959 323 4024 599

205 4078 301 4145 alluit
311 4077 382 4144 edd.
394 4076 496 4143 obluit
507 4075 595 4141 codd.
626 4074 730 4141 scribe
741 4075 859 4141 uoluit.
885 4075 973 4140 idem
985 4075 1119 4139 fortasse
1131 4072 1297 4160 Propertio

138 4183 342 4250 reddendum
358 4186 386 4248 2.
403 4185 453 4250 19.
469 4185 511 4248 26
527 4181 584 4246 ubi
600 4181 689 4247 codd.
705 4181 835 4246 ‘niueos
850 4181 954 4246 obluit
970 4181 1060 4244 unda
1074 4178 1192 4244 boues!

205 4337 245 4386 Ν
260 4322 324 4386 602

269 4440 364 4505 laeua
385 4438 462 4504 freti
482 4438 624 4504 caedunt
646 4438 811 4525 Hispanus
834 4459 975 4522 aequora
995 4436 1103 4523 gentis
