3074 5092
513 337 635 400 SILVA
666 337 925 399 MANILIANA.

208 539 236 586 11
252 526 316 588 943
332 545 400 608 sqq.

295 656 375 720 haec
396 662 456 719 tua
479 654 604 739 templa
626 653 736 718 ferunt
759 652 855 728 Maia,
877 650 1035 737 Cyllenie,
1056 659 1134 716 nate

295 760 324 823 O
347 758 446 823 facies
468 761 599 843 signata
620 766 700 822 nota
722 756 825 842 [qucd
847 777 967 820 nomen
991 764 1026 821 et
1048 756 1113 841 ipsi

294 871 443 927 auctores
465 861 528 926 tibi
550 860 631 925 dant
653 861 747 943 artis]
771 881 854 945 quae
877 859 968 924 ducit
991 859 1177 946 Olympum.

208 1021 261 1064 uu.
284 1002 347 1064 944
367 1008 402 1063 et
426 1002 489 1065 945
516 1021 573 1083 pro
597 998 716 1084 spuriis
742 998 914 1062 damnauit
938 998 1109 1062 Bentleius
1133 998 1195 1076 cui,
1214 999 1300 1084 quod

142 1102 275 1186 quidem
292 1103 333 1166 ad
350 1102 451 1167 uerba
466 1102 704 1188 ‘quod—artis'
716 1101 847 1177 attinet,
858 1123 962 1177 nemo,
978 1109 1067 1186 puto,
1078 1100 1301 1186 refragabitur.

144 1204 294 1290 Cyllenii,
316 1228 373 1270 seu
395 1206 501 1270 mauis
522 1205 611 1269 Maia
626 1205 705 1282 nati,
722 1225 840 1268 nomen
859 1205 947 1289 apud
967 1204 1054 1288 ipsos
1073 1204 1250 1290 astrologos
1267 1205 1300 1267 in

144 1330 203 1372 usu
224 1331 294 1373 esse
310 1309 507 1395 nescioquis
525 1308 682 1374 futtiliter
701 1309 881 1393 adscripsit.
924 1308 964 1372 de
980 1307 1098 1372 ceteris
1113 1307 1302 1372 uidendum.

143 1412 277 1497 quaesi
302 1412 422 1477 adficta
447 1422 534 1490 sunt,
558 1412 693 1476 cuculus
718 1411 785 1486 ille,
810 1420 848 1475 ut
876 1411 975 1476 uerbo
1001 1419 1077 1476 utar
1100 1411 1303 1489 Bentleiano,

142 1515 178 1580 in
208 1517 324 1594 cuculi,
355 1516 441 1601 quod
472 1516 607 1592 mireris,
633 1515 748 1579 nidum
779 1539 842 1580 oua
868 1516 1029 1601 deposuit.
1075 1538 1142 1579 rem
1169 1516 1209 1579 de
1236 1538 1302 1600 qua

120 1610 124 1618 ’
143 1620 290 1707 loquitur
314 1620 451 1706 scriptor
471 1643 574 1707 aeque
593 1619 675 1683 mihi
695 1628 794 1705 atque
817 1620 891 1683 aliis
914 1620 1061 1706 ignotam
1084 1642 1154 1684 esse
1179 1620 1303 1701 fatecr;

143 1726 244 1790 uerba
259 1726 475 1811 interpretor;
496 1747 580 1810 quae
599 1725 658 1789 hoc
680 1724 744 1788 sibi
765 1724 903 1788 uolunt:
926 1724 1071 1809 ‘templa
1093 1724 1246 1788 Mercurii
1265 1747 1304 1788 ea

144 1831 264 1907 littera,
294 1829 418 1895 scilicet
449 1829 484 1908 O,
514 1837 628 1894 notata
658 1838 744 1905 sunt,
771 1851 855 1913 quae
882 1828 916 1891 in
945 1827 1081 1913 Olympo
1105 1829 1210 1912 prima
1236 1827 1304 1892 est!

145 1934 307 2020 ‘signata'
323 1958 380 2021 pro
395 1936 543 2022 ‘signata
557 1936 619 2001 est'
634 1935 869 2020 accipiendum,
885 1934 949 1998 nisi
964 1935 1047 1997 forte
1064 1934 1215 1998 maluerit
1230 1934 1304 2019 quis

136 2038 263 2125 facien
275 2040 430 2106 conicere.

210 2195 252 2241 111
268 2176 330 2243 537
347 2200 414 2264 sqq.

231 2315 308 2372 sunt
329 2307 448 2393 quibus
471 2315 505 2373 et
529 2308 609 2372 caeli
632 2308 760 2393 placeat
781 2306 945 2372 nascentis
967 2306 1009 2371 ab
1032 2307 1130 2371 horae

232 2411 336 2476 sidere
358 2433 457 2496 quem
481 2419 664 2476 memorant
686 2411 885 2497 horoscopon
907 2411 1107 2488 inuenturos,

232 2522 322 2599 parte
345 2513 434 2599 quod
456 2536 496 2578 ex
518 2512 577 2578 illa
598 2512 788 2578 discribitur
810 2513 890 2576 hora
912 2512 1037 2590 diebus,

232 2639 327 2682 omne
349 2639 454 2703 genus
475 2617 612 2682 rationis
635 2617 688 2702 agi
709 2639 769 2703 per
791 2625 940 2701 tempora
963 2626 997 2681 et
1019 2625 1114 2682 astra.

211 2768 241 2809 u.
262 2747 324 2810 538
345 2743 492 2829 spurium
513 2767 583 2810 esse
602 2745 773 2809 Bentleius
797 2745 870 2809 aliis
894 2768 1023 2831 quoque
1047 2747 1225 2831 persuasit;
1247 2746 1303 2811 sed

145 2872 186 2914 ne
202 2857 409 2935 praepostera
423 2871 473 2913 rcs
489 2849 555 2928 fiat,
570 2849 661 2935 prius
682 2849 905 2913 emendandus
925 2857 1024 2935 atque
1039 2850 1304 2935 interpretandus

145 2961 195 3018 est
212 2975 323 3017 uersus
339 2975 436 3038 quam
452 2952 493 3017 de
508 2960 641 3017 auctore
656 2952 727 3016 eius
742 2951 962 3017 iudicandum
1001 2953 1120 3018 scribe:

254 3078 358 3144 sidere
381 3101 479 3165 quem
502 3087 686 3144 memorant
708 3079 906 3164 horoscopon
929 3094 1157 3144 INVENTORES.

211 3209 276 3272 iam
292 3232 322 3273 u.
340 3212 402 3275 539
418 3209 502 3273 nihil
517 3209 607 3274 aliud
623 3231 722 3294 quam
737 3209 784 3272 rei
804 3207 839 3271 in
860 3207 965 3292 priore
988 3230 1084 3272 uersu
1106 3218 1304 3275 memoratae

146 3335 275 3378 causam
288 3312 402 3376 adfert.
436 3313 548 3398 itaque
561 3312 689 3398 spurius
701 3319 759 3376 aut
772 3320 888 3376 neuter
902 3321 961 3376 aut
976 3311 1136 3396 uterque¹.
1175 3335 1259 3398 quae
1270 3313 1305 3376 in

146 3419 251 3502 priore
266 3414 477 3501 reprehendit
493 3416 672 3494 Bentleius,
687 3424 747 3479 aut
767 3415 944 3479 infirmiora
962 3423 1040 3479 sunt
1055 3413 1304 3498 (σπονδειάζον-

147 3548 207 3592 rac
225 3521 314 3585 enim
333 3520 413 3584 alibi
432 3542 560 3606 quoque
577 3520 733 3584 Manilius
751 3519 887 3584 adhibet
905 3519 990 3584 sicut
1004 3519 1039 3583 in
1059 3522 1306 3603 1382,v412),

146 3623 254 3689 autin
270 3622 481 3688 emendatum
497 3645 628 3688 uersum
641 3645 707 3687 ncn
722 3623 851 3688 cadunt.
894 3645 997 3687 unum
1013 3645 1066 3687 me
1081 3630 1202 3697 mouet,
1219 3623 1305 3708 quod

147 3751 242 3793 nemo
268 3728 322 3792 uel
344 3727 441 3792 fando
460 3727 601 3792 audierit
624 3726 715 3792 sidua
732 3727 846 3806 borae3
873 3726 960 3812 quod
980 3736 1209 3812 argumentum
1231 3735 1302 3792 tum

147 3833 279 3897 demum
298 3831 380 3895 dilui
401 3853 494 3916 posse
515 3829 691 3904 uidebitur,
706 3851 779 3893 cum
801 3829 899 3894 borae
917 3829 990 3913 quis
1009 3830 1057 3894 ita
1078 3831 1306 3895 emendauerit

148 3946 186 4001 ut
214 3959 289 4001 cum
317 3936 422 4003 sidere
450 3957 626 4020 congruere
656 3935 765 4020 possit.
810 3934 871 3998 hoc
901 3934 1048 3998 futurum
1075 3956 1153 3999 sane
1184 3934 1303 4000 diffido.

148 4040 282 4125 expulso
298 4039 374 4104 hinc
389 4048 527 4125 utroque
546 4038 625 4124 quid
645 4060 703 4124 pro
719 4039 815 4104 horae
828 4021 924 4102 scribi
940 4037 1091 4103 debuerit
1107 4038 1194 4102 haud
1209 4039 1304 4103 facile

147 4145 325 4211 diiudicare
345 4154 412 4211 est:
435 4153 471 4210 et
490 4144 724 4209 Bentleianum
748 4152 820 4209 orto
842 4151 876 4207 et
894 4143 1088 4208 Ellisianum
1109 4165 1162 4209 ore
1182 4143 1306 4208 habent
1393 4227 1397 4234 Ι

147 4271 211 4335 quo
227 4249 503 4314 commendentur.

397 4393 407 4424 1
423 4393 473 4443 hoc
489 4392 543 4443 iam
560 4392 636 4442 uideo
652 4407 669 4442 a
685 4392 802 4442 Breitcro
819 4389 973 4442 adnotatum
991 4405 1057 4440 esse.
