<?xml version="1.0" encoding="UTF-8"?>
<!DOCTYPE html PUBLIC "-//W3C//DTD XHTML 1.0 Transitional//EN"
    "http://www.w3.org/TR/xhtml1/DTD/xhtml1-transitional.dtd">
<html xmlns="http://www.w3.org/1999/xhtml" xml:lang="en" lang="en">
 <head>
  <title>
</title>
<meta http-equiv="Content-Type" content="text/html;charset=utf-8" />
  <meta name='ocr-system' content='tesseract 3.04.00' />
  <meta name='ocr-capabilities' content='ocr_page ocr_carea ocr_par ocr_line ocrx_word'/>
</head>
<body>
  <div class='ocr_page' id='page_1' title='image "./silvamaniliana00postgoog_0070.png"; bbox 0 0 3074 5092; ppageno 0'>
   <div class='ocr_carea' id='block_1_1' title="bbox 585 1137 901 1214">
    <p class='ocr_par' dir='ltr' id='par_1_1' title="bbox 585 1137 901 1214">
     <span class='ocr_line' id='line_1_1' title="bbox 585 1137 901 1214; baseline -0.003 -1"><span class='ocrx_word' id='word_1_1' title='bbox 585 1172 588 1176; x_wconf 93' lang='lat'>·</span> <span class='ocrx_word' id='word_1_2' title='bbox 623 1137 793 1214; x_wconf 82' lang='lat' dir='ltr'><strong>OAPVT</strong></span> <span class='ocrx_word' id='word_1_3' title='bbox 828 1138 901 1213; x_wconf 92' lang='lat' dir='ltr'><strong>III.</strong></span> 
     </span>
    </p>
   </div>
   <div class='ocr_carea' id='block_1_2' title="bbox 186 1385 1341 1560">
    <p class='ocr_par' dir='ltr' id='par_1_2' title="bbox 186 1385 1341 1560">
     <span class='ocr_line' id='line_1_2' title="bbox 186 1385 1341 1469; baseline 0.003 -19"><span class='ocrx_word' id='word_1_4' title='bbox 186 1385 246 1451; x_wconf 88' lang='lat' dir='ltr'><strong>DE</strong></span> <span class='ocrx_word' id='word_1_5' title='bbox 270 1387 577 1453; x_wconf 84' lang='lat' dir='ltr'><strong>MATRITENSIS</strong></span> <span class='ocrx_word' id='word_1_6' title='bbox 602 1387 785 1454; x_wconf 82' lang='lat' dir='ltr'>CODIOIS</span> <span class='ocrx_word' id='word_1_7' title='bbox 809 1388 972 1453; x_wconf 85' lang='lat' dir='ltr'>PRETIO</span> <span class='ocrx_word' id='word_1_8' title='bbox 997 1389 1052 1452; x_wconf 89' lang='grc' dir='ltr'><strong>ΕΤ</strong></span> <span class='ocrx_word' id='word_1_9' title='bbox 1076 1388 1138 1452; x_wconf 92' lang='lat' dir='ltr'><strong>DE</strong></span> <span class='ocrx_word' id='word_1_10' title='bbox 1159 1389 1341 1469; x_wconf 76' lang='lat' dir='ltr'><strong>QVIBVS-</strong></span> 
     </span>
     <span class='ocr_line' id='line_1_3' title="bbox 237 1491 1298 1560; baseline 0.002 -4"><span class='ocrx_word' id='word_1_11' title='bbox 237 1491 338 1556; x_wconf 87' lang='lat' dir='ltr'><strong>DAM</strong></span> <span class='ocrx_word' id='word_1_12' title='bbox 361 1492 726 1558; x_wconf 85' lang='lat' dir='ltr'><strong>MANILIANORVM</strong></span> <span class='ocrx_word' id='word_1_13' title='bbox 750 1491 957 1560; x_wconf 82' lang='lat' dir='ltr'><strong>CODIOVM</strong></span> <span class='ocrx_word' id='word_1_14' title='bbox 981 1491 1298 1560; x_wconf 80' lang='lat' dir='ltr'><strong>CORRVPTELIS.</strong></span> 
     </span>
    </p>
   </div>
   <div class='ocr_carea' id='block_1_3' title="bbox 96 1707 1345 3048">
    <p class='ocr_par' dir='ltr' id='par_1_3' title="bbox 96 1707 1345 3048">
     <span class='ocr_line' id='line_1_4' title="bbox 250 1707 1342 1795; baseline -0.001 -21"><span class='ocrx_word' id='word_1_15' title='bbox 250 1709 365 1774; x_wconf 79' lang='lat' dir='ltr'><strong>Restat</strong></span> <span class='ocrx_word' id='word_1_16' title='bbox 388 1718 425 1774; x_wconf 87' lang='lat' dir='ltr'><strong>ut</strong></span> <span class='ocrx_word' id='word_1_17' title='bbox 447 1731 552 1795; x_wconf 86' lang='lat' dir='ltr'><strong>pauca</strong></span> <span class='ocrx_word' id='word_1_18' title='bbox 574 1709 680 1774; x_wconf 86' lang='lat' dir='ltr'><strong>dicam</strong></span> <span class='ocrx_word' id='word_1_19' title='bbox 703 1708 744 1772; x_wconf 91' lang='lat' dir='ltr'><strong>de</strong></span> <span class='ocrx_word' id='word_1_20' title='bbox 767 1707 876 1772; x_wconf 88' lang='lat' dir='ltr'><strong>codice</strong></span> <span class='ocrx_word' id='word_1_21' title='bbox 900 1707 1086 1773; x_wconf 86' lang='lat' dir='ltr'><strong>Matritensi</strong></span> <span class='ocrx_word' id='word_1_22' title='bbox 1112 1731 1210 1794; x_wconf 90' lang='lat' dir='ltr'><strong>quem</strong></span> <span class='ocrx_word' id='word_1_23' title='bbox 1236 1729 1342 1793; x_wconf 89' lang='lat' dir='ltr'><strong>nuper</strong></span> 
     </span>
     <span class='ocr_line' id='line_1_5' title="bbox 186 1811 1343 1899; baseline -0.001 -23"><span class='ocrx_word' id='word_1_24' title='bbox 186 1813 317 1878; x_wconf 81' lang='lat' dir='ltr'><strong>Ellisius</strong></span> <span class='ocrx_word' id='word_1_25' title='bbox 332 1813 475 1899; x_wconf 87' lang='lat' dir='ltr'><strong>repperit</strong></span> <span class='ocrx_word' id='word_1_26' title='bbox 491 1812 626 1898; x_wconf 90' lang='lat' dir='ltr'><strong>eiusque</strong></span> <span class='ocrx_word' id='word_1_27' title='bbox 642 1812 819 1876; x_wconf 88' lang='lat' dir='ltr'><strong>lectionum</strong></span> <span class='ocrx_word' id='word_1_28' title='bbox 831 1833 999 1877; x_wconf 81' lang='lat' dir='ltr'><strong>excussam</strong></span> <span class='ocrx_word' id='word_1_29' title='bbox 1013 1812 1206 1877; x_wconf 85' lang='lat' dir='ltr'><strong>uarietatem</strong></span> <span class='ocrx_word' id='word_1_30' title='bbox 1218 1811 1343 1898; x_wconf 85' lang='lat' dir='ltr'><strong>publici</strong></span> 
     </span>
     <span class='ocr_line' id='line_1_6' title="bbox 185 1916 1341 1985; baseline 0.001 -4"><span class='ocrx_word' id='word_1_31' title='bbox 185 1917 264 1982; x_wconf 86' lang='lat' dir='ltr'><strong>iuris</strong></span> <span class='ocrx_word' id='word_1_32' title='bbox 288 1918 365 1983; x_wconf 86' lang='lat' dir='ltr'><strong>fecit</strong></span> <span class='ocrx_word' id='word_1_33' title='bbox 387 1917 542 1985; x_wconf 75' lang='lat' dir='ltr'><strong>Classical</strong></span> <span class='ocrx_word' id='word_1_34' title='bbox 568 1918 694 1983; x_wconf 84' lang='lat' dir='ltr'><strong>Reaiea</strong></span> <span class='ocrx_word' id='word_1_35' title='bbox 715 1916 813 1981; x_wconf 88' lang='lat' dir='ltr'><strong>tomis</strong></span> <span class='ocrx_word' id='word_1_36' title='bbox 836 1934 889 1981; x_wconf 80' lang='lat' dir='ltr'><strong>VII</strong></span> <span class='ocrx_word' id='word_1_37' title='bbox 914 1927 948 1982; x_wconf 89' lang='lat' dir='ltr'><strong>et</strong></span> <span class='ocrx_word' id='word_1_38' title='bbox 972 1935 1048 1983; x_wconf 82' lang='lat' dir='ltr'><strong>vlu.</strong></span> <span class='ocrx_word' id='word_1_39' title='bbox 1094 1918 1128 1982; x_wconf 93' lang='lat' dir='ltr'><strong>in</strong></span> <span class='ocrx_word' id='word_1_40' title='bbox 1152 1918 1341 1983; x_wconf 88' lang='lat' dir='ltr'><strong>uniuersum</strong></span> 
     </span>
     <span class='ocr_line' id='line_1_7' title="bbox 96 2021 1343 2112; baseline 0.002 -29"><span class='ocrx_word' id='word_1_41' title='bbox 96 2104 100 2112; x_wconf 29' lang='grc' dir='ltr'>Ι</span> <span class='ocrx_word' id='word_1_42' title='bbox 186 2029 273 2087; x_wconf 86' lang='lat' dir='ltr'><strong>recte</strong></span> <span class='ocrx_word' id='word_1_43' title='bbox 292 2021 347 2087; x_wconf 91' lang='lat' dir='ltr'><strong>ille</strong></span> <span class='ocrx_word' id='word_1_44' title='bbox 363 2031 396 2087; x_wconf 90' lang='lat' dir='ltr'><strong>et</strong></span> <span class='ocrx_word' id='word_1_45' title='bbox 412 2022 453 2087; x_wconf 91' lang='lat' dir='ltr'><strong>de</strong></span> <span class='ocrx_word' id='word_1_46' title='bbox 468 2023 532 2087; x_wconf 88' lang='lat' dir='ltr'><strong>fide</strong></span> <span class='ocrx_word' id='word_1_47' title='bbox 554 2022 723 2108; x_wconf 76' lang='lat' dir='ltr'>pretioque</span> <span class='ocrx_word' id='word_1_48' title='bbox 745 2021 863 2086; x_wconf 88' lang='lat' dir='ltr'><strong>codicis</strong></span> <span class='ocrx_word' id='word_1_49' title='bbox 884 2022 978 2087; x_wconf 88' lang='lat' dir='ltr'><strong>etde</strong></span> <span class='ocrx_word' id='word_1_50' title='bbox 999 2023 1070 2086; x_wconf 91' lang='lat' dir='ltr'><strong>eius</strong></span> <span class='ocrx_word' id='word_1_51' title='bbox 1090 2045 1164 2086; x_wconf 91' lang='lat' dir='ltr'><strong>cum</strong></span> <span class='ocrx_word' id='word_1_52' title='bbox 1187 2022 1343 2087; x_wconf 87' lang='lat' dir='ltr'><strong>Vossiano</strong></span> 
     </span>
     <span class='ocr_line' id='line_1_8' title="bbox 186 2125 1343 2214; baseline 0 -24"><span class='ocrx_word' id='word_1_53' title='bbox 186 2126 288 2191; x_wconf 87' lang='lat' dir='ltr'><strong>altero</strong></span> <span class='ocrx_word' id='word_1_54' title='bbox 303 2127 496 2214; x_wconf 82' lang='lat' dir='ltr'>cognatione</span> <span class='ocrx_word' id='word_1_55' title='bbox 512 2126 643 2191; x_wconf 87' lang='lat' dir='ltr'><strong>uidetur</strong></span> <span class='ocrx_word' id='word_1_56' title='bbox 658 2126 824 2191; x_wconf 88' lang='lat' dir='ltr'><strong>iudicasse.</strong></span> <span class='ocrx_word' id='word_1_57' title='bbox 862 2134 999 2211; x_wconf 88' lang='lat' dir='ltr'><strong>uterque</strong></span> <span class='ocrx_word' id='word_1_58' title='bbox 1015 2125 1102 2190; x_wconf 91' lang='lat' dir='ltr'><strong>enim</strong></span> <span class='ocrx_word' id='word_1_59' title='bbox 1118 2125 1343 2212; x_wconf 89' lang='lat' dir='ltr'><strong>proculdubio</strong></span> 
     </span>
     <span class='ocr_line' id='line_1_9' title="bbox 185 2229 1344 2316; baseline 0.001 -22"><span class='ocrx_word' id='word_1_60' title='bbox 185 2230 227 2295; x_wconf 85' lang='lat' dir='ltr'><strong>ab</strong></span> <span class='ocrx_word' id='word_1_61' title='bbox 242 2230 355 2295; x_wconf 89' lang='lat' dir='ltr'><strong>eodem</strong></span> <span class='ocrx_word' id='word_1_62' title='bbox 371 2231 463 2316; x_wconf 86' lang='lat' dir='ltr'><strong>quasi</strong></span> <span class='ocrx_word' id='word_1_63' title='bbox 478 2232 568 2296; x_wconf 87' lang='lat' dir='ltr'><strong>fonte</strong></span> <span class='ocrx_word' id='word_1_64' title='bbox 584 2229 748 2315; x_wconf 87' lang='lat' dir='ltr'><strong>profluxit,</strong></span> <span class='ocrx_word' id='word_1_65' title='bbox 759 2230 846 2294; x_wconf 86' lang='lat' dir='ltr'><strong>undo</strong></span> <span class='ocrx_word' id='word_1_66' title='bbox 864 2229 1010 2294; x_wconf 87' lang='lat' dir='ltr'><strong>ueritatis</strong></span> <span class='ocrx_word' id='word_1_67' title='bbox 1022 2230 1056 2294; x_wconf 91' lang='lat' dir='ltr'><strong>in</strong></span> <span class='ocrx_word' id='word_1_68' title='bbox 1069 2239 1207 2315; x_wconf 90' lang='lat' dir='ltr'><strong>utroque</strong></span> <span class='ocrx_word' id='word_1_69' title='bbox 1219 2229 1344 2316; x_wconf 82' lang='lat' dir='ltr'><strong>aliquot</strong></span> 
     </span>
     <span class='ocr_line' id='line_1_10' title="bbox 188 2334 1344 2421; baseline -0.001 -22"><span class='ocrx_word' id='word_1_70' title='bbox 188 2336 326 2421; x_wconf 85' lang='lat' dir='ltr'><strong>uestigia</strong></span> <span class='ocrx_word' id='word_1_71' title='bbox 347 2344 477 2400; x_wconf 87' lang='lat' dir='ltr'><strong>seruata</strong></span> <span class='ocrx_word' id='word_1_72' title='bbox 497 2344 574 2399; x_wconf 86' lang='lat' dir='ltr'><strong>sunt</strong></span> <span class='ocrx_word' id='word_1_73' title='bbox 595 2357 679 2420; x_wconf 89' lang='lat' dir='ltr'><strong>quae</strong></span> <span class='ocrx_word' id='word_1_74' title='bbox 701 2357 741 2399; x_wconf 84' lang='lat' dir='ltr'><strong>ex</strong></span> <span class='ocrx_word' id='word_1_75' title='bbox 762 2335 877 2400; x_wconf 85' lang='lat' dir='ltr'><strong>ceteris</strong></span> <span class='ocrx_word' id='word_1_76' title='bbox 900 2334 1064 2400; x_wconf 81' lang='lat' dir='ltr'><strong>codicibus</strong></span> <span class='ocrx_word' id='word_1_77' title='bbox 1086 2335 1260 2420; x_wconf 87' lang='lat' dir='ltr'><strong>perierunt.</strong></span> <span class='ocrx_word' id='word_1_78' title='bbox 1306 2344 1344 2398; x_wconf 85' lang='lat' dir='ltr'><strong>ut</strong></span> 
     </span>
     <span class='ocr_line' id='line_1_11' title="bbox 186 2438 1344 2525; baseline 0 -22"><span class='ocrx_word' id='word_1_79' title='bbox 186 2462 260 2504; x_wconf 87' lang='lat' dir='ltr'><strong>cum</strong></span> <span class='ocrx_word' id='word_1_80' title='bbox 276 2439 431 2505; x_wconf 86' lang='lat' dir='ltr'><strong>Vossiano</strong></span> <span class='ocrx_word' id='word_1_81' title='bbox 447 2439 599 2517; x_wconf 88' lang='lat' dir='ltr'><strong>multum,</strong></span> <span class='ocrx_word' id='word_1_82' title='bbox 614 2440 661 2504; x_wconf 87' lang='lat' dir='ltr'><strong>ita</strong></span> <span class='ocrx_word' id='word_1_83' title='bbox 677 2462 735 2525; x_wconf 89' lang='lat' dir='ltr'><strong>per</strong></span> <span class='ocrx_word' id='word_1_84' title='bbox 749 2462 783 2504; x_wconf 88' lang='lat' dir='ltr'><strong>se</strong></span> <span class='ocrx_word' id='word_1_85' title='bbox 800 2441 887 2504; x_wconf 86' lang='lat' dir='ltr'><strong>haud</strong></span> <span class='ocrx_word' id='word_1_86' title='bbox 902 2440 1074 2504; x_wconf 89' lang='lat' dir='ltr'><strong>minimum</strong></span> <span class='ocrx_word' id='word_1_87' title='bbox 1092 2441 1188 2505; x_wconf 85' lang='lat' dir='ltr'><strong>ualet.</strong></span> <span class='ocrx_word' id='word_1_88' title='bbox 1234 2438 1344 2504; x_wconf 89' lang='lat' dir='ltr'><strong>lectio·</strong></span> 
     </span>
     <span class='ocr_line' id='line_1_12' title="bbox 187 2545 1343 2632; baseline 0.001 -24"><span class='ocrx_word' id='word_1_89' title='bbox 187 2567 245 2610; x_wconf 90' lang='lat' dir='ltr'><strong>nes</strong></span> <span class='ocrx_word' id='word_1_90' title='bbox 260 2545 330 2609; x_wconf 89' lang='lat' dir='ltr'><strong>eius</strong></span> <span class='ocrx_word' id='word_1_91' title='bbox 345 2545 485 2631; x_wconf 81' lang='lat' dir='ltr'><strong>optimas</strong></span> <span class='ocrx_word' id='word_1_92' title='bbox 500 2545 535 2610; x_wconf 93' lang='lat' dir='ltr'><strong>in</strong></span> <span class='ocrx_word' id='word_1_93' title='bbox 550 2545 772 2611; x_wconf 72' lang='lat' dir='ltr'><strong>Hermathena</strong></span> <span class='ocrx_word' id='word_1_94' title='bbox 786 2555 809 2610; x_wconf 89' lang='lat' dir='ltr'><strong>t.</strong></span> <span class='ocrx_word' id='word_1_95' title='bbox 826 2562 900 2610; x_wconf 84' lang='lat' dir='ltr'><strong>vm.</strong></span> <span class='ocrx_word' id='word_1_96' title='bbox 920 2567 973 2631; x_wconf 89' lang='lat' dir='ltr'><strong>pp.</strong></span> <span class='ocrx_word' id='word_1_97' title='bbox 994 2545 1057 2610; x_wconf 98' lang='grc'><strong>270</strong></span> <span class='ocrx_word' id='word_1_98' title='bbox 1078 2567 1164 2632; x_wconf 88' lang='lat' dir='ltr'><strong>seqq.</strong></span> <span class='ocrx_word' id='word_1_99' title='bbox 1184 2545 1250 2610; x_wconf 89' lang='lat' dir='ltr'><strong>iam</strong></span> <span class='ocrx_word' id='word_1_100' title='bbox 1269 2568 1343 2610; x_wconf 89' lang='lat' dir='ltr'><strong>con-</strong></span> 
     </span>
     <span class='ocr_line' id='line_1_13' title="bbox 187 2647 1344 2734; baseline 0 -21"><span class='ocrx_word' id='word_1_101' title='bbox 187 2647 287 2733; x_wconf 82' lang='lat' dir='ltr'><strong>gessit</strong></span> <span class='ocrx_word' id='word_1_102' title='bbox 310 2648 450 2726; x_wconf 90' lang='lat' dir='ltr'><strong>Ellisius‚</strong></span> <span class='ocrx_word' id='word_1_103' title='bbox 472 2649 577 2733; x_wconf 92' lang='lat' dir='ltr'><strong>deque</strong></span> <span class='ocrx_word' id='word_1_104' title='bbox 600 2648 640 2712; x_wconf 90' lang='lat' dir='ltr'><strong>iis</strong></span> <span class='ocrx_word' id='word_1_105' title='bbox 663 2648 744 2712; x_wconf 88' lang='lat' dir='ltr'><strong>nihil</strong></span> <span class='ocrx_word' id='word_1_106' title='bbox 768 2671 849 2734; x_wconf 90' lang='lat' dir='ltr'><strong>opus</strong></span> <span class='ocrx_word' id='word_1_107' title='bbox 871 2650 991 2713; x_wconf 88' lang='lat' dir='ltr'><strong>iterum</strong></span> <span class='ocrx_word' id='word_1_108' title='bbox 1018 2647 1181 2714; x_wconf 88' lang='lat' dir='ltr'><strong>disserere.</strong></span> <span class='ocrx_word' id='word_1_109' title='bbox 1226 2650 1282 2714; x_wconf 88' lang='lat' dir='ltr'><strong>sed</strong></span> <span class='ocrx_word' id='word_1_110' title='bbox 1309 2649 1344 2713; x_wconf 93' lang='lat' dir='ltr'><strong>in</strong></span> 
     </span>
     <span class='ocr_line' id='line_1_14' title="bbox 189 2752 1345 2839; baseline 0.003 -23"><span class='ocrx_word' id='word_1_111' title='bbox 189 2754 329 2818; x_wconf 88' lang='lat' dir='ltr'><strong>eundem</strong></span> <span class='ocrx_word' id='word_1_112' title='bbox 345 2775 515 2817; x_wconf 87' lang='lat' dir='ltr'><strong>numerum</strong></span> <span class='ocrx_word' id='word_1_113' title='bbox 533 2752 631 2817; x_wconf 86' lang='lat' dir='ltr'><strong>etiam</strong></span> <span class='ocrx_word' id='word_1_114' title='bbox 647 2752 730 2817; x_wconf 86' lang='lat' dir='ltr'><strong>aliae</strong></span> <span class='ocrx_word' id='word_1_115' title='bbox 753 2752 870 2839; x_wconf 87' lang='lat' dir='ltr'><strong>dignae</strong></span> <span class='ocrx_word' id='word_1_116' title='bbox 891 2761 969 2817; x_wconf 89' lang='lat' dir='ltr'><strong>sunt</strong></span> <span class='ocrx_word' id='word_1_117' title='bbox 989 2775 1072 2839; x_wconf 84' lang='lat' dir='ltr'><strong>quae</strong></span> <span class='ocrx_word' id='word_1_118' title='bbox 1092 2754 1290 2839; x_wconf 82' lang='lat' dir='ltr'><strong>recipiantur</strong></span> <span class='ocrx_word' id='word_1_119' title='bbox 1310 2762 1345 2819; x_wconf 92' lang='lat' dir='ltr'><strong>et</strong></span> 
     </span>
     <span class='ocr_line' id='line_1_15' title="bbox 188 2857 1344 2943; baseline 0.003 -23"><span class='ocrx_word' id='word_1_120' title='bbox 188 2878 245 2941; x_wconf 85' lang='lat' dir='ltr'><strong>pro</strong></span> <span class='ocrx_word' id='word_1_121' title='bbox 270 2857 458 2922; x_wconf 83' lang='lat' dir='ltr'><strong>Manilianis</strong></span> <span class='ocrx_word' id='word_1_122' title='bbox 484 2857 597 2927; x_wconf 90' lang='lat' dir='ltr'><strong>haberi</strong></span> <span class='ocrx_word' id='word_1_123' title='bbox 620 2859 753 2943; x_wconf 89' lang='lat' dir='ltr'><strong>possint.</strong></span> <span class='ocrx_word' id='word_1_124' title='bbox 809 2859 867 2923; x_wconf 88' lang='lat' dir='ltr'><strong>has</strong></span> <span class='ocrx_word' id='word_1_125' title='bbox 891 2859 975 2923; x_wconf 85' lang='lat' dir='ltr'><strong>infra</strong></span> <span class='ocrx_word' id='word_1_126' title='bbox 998 2859 1254 2925; x_wconf 86' lang='lat' dir='ltr'><strong>subnotauimus.</strong></span> <span class='ocrx_word' id='word_1_127' title='bbox 1302 2859 1344 2924; x_wconf 88' lang='lat' dir='ltr'><strong>ad</strong></span> 
     </span>
     <span class='ocr_line' id='line_1_16' title="bbox 188 2961 1059 3048; baseline 0.005 -23"><span class='ocrx_word' id='word_1_128' title='bbox 188 2984 255 3026; x_wconf 90' lang='lat' dir='ltr'><strong>rem</strong></span> <span class='ocrx_word' id='word_1_129' title='bbox 271 2961 551 3048; x_wconf 87' lang='lat' dir='ltr'><strong>orthographicam</strong></span> <span class='ocrx_word' id='word_1_130' title='bbox 567 2962 743 3027; x_wconf 86' lang='lat' dir='ltr'><strong>maximam</strong></span> <span class='ocrx_word' id='word_1_131' title='bbox 758 2971 885 3047; x_wconf 86' lang='lat' dir='ltr'><strong>partem</strong></span> <span class='ocrx_word' id='word_1_132' title='bbox 902 2972 1059 3048; x_wconf 88' lang='lat' dir='ltr'><strong>spectant.</strong></span> 
     </span>
    </p>
   </div>
   <div class='ocr_carea' id='block_1_4' title="bbox 186 3099 1347 3919">
    <p class='ocr_par' dir='ltr' id='par_1_4' title="bbox 186 3099 1347 3919">
     <span class='ocr_line' id='line_1_17' title="bbox 253 3099 1342 3188; baseline 0.004 -25"><span class='ocrx_word' id='word_1_133' title='bbox 253 3103 352 3165; x_wconf 87' lang='lat'><strong>1138</strong></span> <span class='ocrx_word' id='word_1_134' title='bbox 375 3121 468 3164; x_wconf 82' lang='lat' dir='ltr'><strong>amor</strong></span> <span class='ocrx_word' id='word_1_135' title='bbox 528 3101 588 3162; x_wconf 94' lang='grc'><strong>141</strong></span> <span class='ocrx_word' id='word_1_136' title='bbox 616 3099 730 3164; x_wconf 71' lang='lat' dir='ltr'><strong>accida</strong></span> <span class='ocrx_word' id='word_1_137' title='bbox 790 3103 853 3165; x_wconf 94' lang='grc'><strong>210</strong></span> <span class='ocrx_word' id='word_1_138' title='bbox 879 3099 966 3184; x_wconf 67' lang='lat' dir='ltr'><strong>iouis</strong></span> <span class='ocrx_word' id='word_1_139' title='bbox 1032 3103 1095 3166; x_wconf 82' lang='lat'><strong>216</strong></span> <span class='ocrx_word' id='word_1_140' title='bbox 1123 3111 1244 3188; x_wconf 77' lang='grc' dir='ltr'><strong>6666ρό</strong></span> <span class='ocrx_word' id='word_1_141' title='bbox 1270 3102 1300 3166; x_wconf 91' lang='lat' dir='ltr'><strong>h.</strong></span> <span class='ocrx_word' id='word_1_142' title='bbox 1316 3125 1342 3167; x_wconf 97' lang='grc'><strong>6.</strong></span> 
     </span>
     <span class='ocr_line' id='line_1_18' title="bbox 188 3203 1344 3292; baseline 0.001 -23"><span class='ocrx_word' id='word_1_143' title='bbox 188 3227 328 3290; x_wconf 82' lang='lat' dir='ltr'><strong>caaopoa</strong></span> <span class='ocrx_word' id='word_1_144' title='bbox 381 3207 444 3269; x_wconf 93' lang='grc'><strong>323</strong></span> <span class='ocrx_word' id='word_1_145' title='bbox 460 3203 652 3269; x_wconf 79' lang='lat' dir='ltr'><strong>monimeata</strong></span> <span class='ocrx_word' id='word_1_146' title='bbox 667 3205 801 3268; x_wconf 87' lang='lat' dir='ltr'><strong>fortasse</strong></span> <span class='ocrx_word' id='word_1_147' title='bbox 816 3212 904 3267; x_wconf 89' lang='lat' dir='ltr'><strong>recte</strong></span> <span class='ocrx_word' id='word_1_148' title='bbox 958 3206 1022 3269; x_wconf 89' lang='grc'><strong>390</strong></span> <span class='ocrx_word' id='word_1_149' title='bbox 1037 3226 1162 3270; x_wconf 75' lang='lat' dir='ltr'><strong>umeros</strong></span> <span class='ocrx_word' id='word_1_150' title='bbox 1217 3208 1279 3270; x_wconf 90' lang='grc'><strong>421</strong></span> <span class='ocrx_word' id='word_1_151' title='bbox 1294 3207 1344 3292; x_wconf 78' lang='lat' dir='ltr'><strong>pi-</strong></span> 
     </span>
     <span class='ocr_line' id='line_1_19' title="bbox 186 3309 1346 3394; baseline 0.001 -21"><span class='ocrx_word' id='word_1_152' title='bbox 186 3317 302 3392; x_wconf 75' lang='lat' dir='ltr'><strong>9aatas</strong></span> <span class='ocrx_word' id='word_1_153' title='bbox 355 3311 418 3374; x_wconf 96' lang='grc'><strong>426</strong></span> <span class='ocrx_word' id='word_1_154' title='bbox 441 3309 607 3393; x_wconf 72' lang='lat' dir='ltr'><strong>adpressos</strong></span> <span class='ocrx_word' id='word_1_155' title='bbox 626 3331 684 3394; x_wconf 91' lang='lat' dir='ltr'><strong>pro</strong></span> <span class='ocrx_word' id='word_1_156' title='bbox 706 3309 851 3393; x_wconf 77' lang='lat' dir='ltr'><strong>adpestos</strong></span> <span class='ocrx_word' id='word_1_157' title='bbox 871 3310 1028 3394; x_wconf 77' lang='lat' dir='ltr'><strong>(appestos</strong></span> <span class='ocrx_word' id='word_1_158' title='bbox 1047 3310 1162 3393; x_wconf 87' lang='lat' dir='ltr'><strong>ceteri)</strong></span> <span class='ocrx_word' id='word_1_159' title='bbox 1178 3319 1211 3375; x_wconf 89' lang='lat' dir='ltr'><strong>et</strong></span> <span class='ocrx_word' id='word_1_160' title='bbox 1226 3310 1346 3375; x_wconf 85' lang='lat' dir='ltr'><strong>similia</strong></span> 
     </span>
     <span class='ocr_line' id='line_1_20' title="bbox 187 3411 1344 3502; baseline 0.004 -26"><span class='ocrx_word' id='word_1_161' title='bbox 187 3411 316 3497; x_wconf 87' lang='lat' dir='ltr'><strong>passim,</strong></span> <span class='ocrx_word' id='word_1_162' title='bbox 325 3413 458 3477; x_wconf 85' lang='lat' dir='ltr'><strong>fortasse</strong></span> <span class='ocrx_word' id='word_1_163' title='bbox 470 3422 558 3478; x_wconf 87' lang='lat' dir='ltr'><strong>recte</strong></span> <span class='ocrx_word' id='word_1_164' title='bbox 603 3417 667 3477; x_wconf 85' lang='grc'><strong>440</strong></span> <span class='ocrx_word' id='word_1_165' title='bbox 682 3414 820 3497; x_wconf 76' lang='lat' dir='ltr'><strong>iapeatis</strong></span> <span class='ocrx_word' id='word_1_166' title='bbox 865 3417 928 3478; x_wconf 93' lang='grc'><strong>502</strong></span> <span class='ocrx_word' id='word_1_167' title='bbox 943 3415 1060 3481; x_wconf 79' lang='lat' dir='ltr'><strong>Arctos</strong></span> <span class='ocrx_word' id='word_1_168' title='bbox 1070 3415 1227 3502; x_wconf 88' lang='lat' dir='ltr'><strong>scriptam</strong></span> <span class='ocrx_word' id='word_1_169' title='bbox 1239 3417 1344 3481; x_wconf 86' lang='lat' dir='ltr'><strong>suerat</strong></span> 
     </span>
     <span class='ocr_line' id='line_1_21' title="bbox 190 3515 1345 3605; baseline 0.006 -24"><span class='ocrx_word' id='word_1_170' title='bbox 190 3520 253 3583; x_wconf 89' lang='grc'><strong>594</strong></span> <span class='ocrx_word' id='word_1_171' title='bbox 270 3518 381 3604; x_wconf 79' lang='lat' dir='ltr'><strong>partis</strong></span> <span class='ocrx_word' id='word_1_172' title='bbox 426 3521 488 3584; x_wconf 87' lang='lat'><strong>596</strong></span> <span class='ocrx_word' id='word_1_173' title='bbox 509 3519 668 3604; x_wconf 79' lang='lat' dir='ltr'><strong>sipaaatis</strong></span> <span class='ocrx_word' id='word_1_174' title='bbox 713 3519 774 3584; x_wconf 90' lang='grc'><strong>647</strong></span> <span class='ocrx_word' id='word_1_175' title='bbox 797 3519 836 3585; x_wconf 86' lang='lat' dir='ltr'><strong>ab</strong></span> <span class='ocrx_word' id='word_1_176' title='bbox 855 3520 927 3605; x_wconf 76' lang='lat' dir='ltr'><strong>ipai</strong></span> <span class='ocrx_word' id='word_1_177' title='bbox 972 3520 1034 3587; x_wconf 88' lang='grc'><strong>675</strong></span> <span class='ocrx_word' id='word_1_178' title='bbox 1056 3522 1152 3588; x_wconf 72' lang='lat' dir='ltr'><strong>tertis</strong></span> <span class='ocrx_word' id='word_1_179' title='bbox 1175 3523 1261 3587; x_wconf 90' lang='lat' dir='ltr'><strong>unde</strong></span> <span class='ocrx_word' id='word_1_180' title='bbox 1285 3515 1345 3589; x_wconf 80' lang='lat' dir='ltr'><strong>tris</strong></span> 
     </span>
     <span class='ocr_line' id='line_1_22' title="bbox 187 3623 1346 3710; baseline 0.007 -24"><span class='ocrx_word' id='word_1_181' title='bbox 187 3645 243 3708; x_wconf 89' lang='lat' dir='ltr'><strong>pro</strong></span> <span class='ocrx_word' id='word_1_182' title='bbox 260 3623 319 3688; x_wconf 78' lang='lat' dir='ltr'><strong>ais</strong></span> <span class='ocrx_word' id='word_1_183' title='bbox 334 3623 450 3688; x_wconf 86' lang='lat' dir='ltr'><strong>elicias.</strong></span> <span class='ocrx_word' id='word_1_184' title='bbox 496 3646 512 3689; x_wconf 96' lang='grc'><strong>6</strong></span> <span class='ocrx_word' id='word_1_185' title='bbox 533 3646 630 3710; x_wconf 89' lang='lat' dir='ltr'><strong>supra</strong></span> <span class='ocrx_word' id='word_1_186' title='bbox 647 3625 805 3710; x_wconf 88' lang='lat' dir='ltr'><strong>scriptum</strong></span> <span class='ocrx_word' id='word_1_187' title='bbox 824 3648 897 3690; x_wconf 92' lang='lat' dir='ltr'><strong>cum</strong></span> <span class='ocrx_word' id='word_1_188' title='bbox 920 3626 926 3651; x_wconf 90' lang='lat'><em>&#39;</em></span> <span class='ocrx_word' id='word_1_189' title='bbox 949 3627 978 3691; x_wconf 92' lang='lat' dir='ltr'><strong>h.</strong></span> <span class='ocrx_word' id='word_1_190' title='bbox 990 3649 1016 3691; x_wconf 92' lang='lat' dir='ltr'><strong>e.</strong></span> <span class='ocrx_word' id='word_1_191' title='bbox 1032 3649 1067 3692; x_wconf 84' lang='lat' dir='ltr'><strong>er</strong></span> <span class='ocrx_word' id='word_1_192' title='bbox 1087 3629 1255 3692; x_wconf 87' lang='lat' dir='ltr'><strong>confusum</strong></span> <span class='ocrx_word' id='word_1_193' title='bbox 1278 3637 1346 3709; x_wconf 91' lang='lat' dir='ltr'><strong>est;</strong></span> 
     </span>
     <span class='ocr_line' id='line_1_23' title="bbox 188 3726 1346 3815; baseline 0.008 -25"><span class='ocrx_word' id='word_1_194' title='bbox 188 3727 226 3792; x_wconf 87' lang='lat' dir='ltr'><strong>cf.</strong></span> <span class='ocrx_word' id='word_1_195' title='bbox 246 3726 404 3791; x_wconf 88' lang='lat' dir='ltr'><strong>adnotata</strong></span> <span class='ocrx_word' id='word_1_196' title='bbox 425 3728 467 3792; x_wconf 89' lang='lat' dir='ltr'><strong>ad</strong></span> <span class='ocrx_word' id='word_1_197' title='bbox 490 3745 531 3792; x_wconf 91' lang='lat'><strong>111</strong></span> <span class='ocrx_word' id='word_1_198' title='bbox 556 3731 619 3793; x_wconf 90' lang='grc'><strong>324</strong></span> <span class='ocrx_word' id='word_1_199' title='bbox 643 3751 686 3814; x_wconf 90' lang='lat' dir='ltr'><strong>sq.</strong></span> <span class='ocrx_word' id='word_1_200' title='bbox 704 3751 802 3815; x_wconf 85' lang='lat' dir='ltr'><strong>supra</strong></span> <span class='ocrx_word' id='word_1_201' title='bbox 847 3729 908 3795; x_wconf 84' lang='lat'><strong>687</strong></span> <span class='ocrx_word' id='word_1_202' title='bbox 934 3730 1068 3796; x_wconf 81' lang='lat' dir='ltr'><strong>oblicum</strong></span> <span class='ocrx_word' id='word_1_203' title='bbox 1123 3732 1186 3797; x_wconf 90' lang='grc'><strong>743</strong></span> <span class='ocrx_word' id='word_1_204' title='bbox 1208 3734 1346 3799; x_wconf 63' lang='lat' dir='ltr'><strong>euantis</strong></span> 
     </span>
     <span class='ocr_line' id='line_1_24' title="bbox 190 3828 1347 3919; baseline 0.007 -25"><span class='ocrx_word' id='word_1_205' title='bbox 190 3828 251 3896; x_wconf 92' lang='grc'><strong>749</strong></span> <span class='ocrx_word' id='word_1_206' title='bbox 264 3830 440 3916; x_wconf 83' lang='lat' dir='ltr'><strong>resereaoia</strong></span> <span class='ocrx_word' id='word_1_207' title='bbox 450 3831 644 3911; x_wconf 79' lang='lat' dir='ltr'><strong>(reserantia</strong></span> <span class='ocrx_word' id='word_1_208' title='bbox 655 3833 763 3919; x_wconf 85' lang='lat' dir='ltr'><strong>uulgo,</strong></span> <span class='ocrx_word' id='word_1_209' title='bbox 775 3832 862 3919; x_wconf 92' lang='lat' dir='ltr'><strong>quod</strong></span> <span class='ocrx_word' id='word_1_210' title='bbox 873 3855 968 3898; x_wconf 88' lang='lat' dir='ltr'><strong>sensu</strong></span> <span class='ocrx_word' id='word_1_211' title='bbox 981 3837 1121 3918; x_wconf 86' lang='lat' dir='ltr'><strong>cassum)</strong></span> <span class='ocrx_word' id='word_1_212' title='bbox 1159 3835 1219 3900; x_wconf 89' lang='lat'><strong>771</strong></span> <span class='ocrx_word' id='word_1_213' title='bbox 1234 3836 1347 3902; x_wconf 82' lang='lat' dir='ltr'><strong>mentis</strong></span> 
     </span>
    </p>
   </div>
   <div class='ocr_carea' id='block_1_5' title="bbox 189 3935 1345 4124">
    <p class='ocr_par' dir='ltr' id='par_1_5' title="bbox 189 3935 1345 4124">
     <span class='ocr_line' id='line_1_25' title="bbox 189 3935 1345 4025; baseline 0.004 -26"><span class='ocrx_word' id='word_1_214' title='bbox 189 3938 251 4000; x_wconf 89' lang='lat'><strong>866</strong></span> <span class='ocrx_word' id='word_1_215' title='bbox 270 3935 356 4020; x_wconf 77' lang='lat' dir='ltr'><strong>ipais</strong></span> <span class='ocrx_word' id='word_1_216' title='bbox 411 3938 474 4000; x_wconf 89' lang='grc'><strong>882</strong></span> <span class='ocrx_word' id='word_1_217' title='bbox 490 3936 640 4003; x_wconf 79' lang='lat' dir='ltr'><strong>Labeatis</strong></span> <span class='ocrx_word' id='word_1_218' title='bbox 684 3936 746 4002; x_wconf 95' lang='grc'><strong>887</strong></span> <span class='ocrx_word' id='word_1_219' title='bbox 767 3937 886 4003; x_wconf 79' lang='lat' dir='ltr'><strong>aeoliae</strong></span> <span class='ocrx_word' id='word_1_220' title='bbox 905 3938 934 4002; x_wconf 95' lang='lat' dir='ltr'><strong>h.</strong></span> <span class='ocrx_word' id='word_1_221' title='bbox 951 3960 977 4003; x_wconf 93' lang='grc'><strong>6.</strong></span> <span class='ocrx_word' id='word_1_222' title='bbox 993 3939 1133 4004; x_wconf 79' lang='grc'><strong>66664666</strong></span> <span class='ocrx_word' id='word_1_223' title='bbox 1149 3939 1285 4025; x_wconf 83' lang='lat' dir='ltr'><strong>optime3</strong></span> <span class='ocrx_word' id='word_1_224' title='bbox 1307 3941 1345 4005; x_wconf 88' lang='lat' dir='ltr'><strong>cf.</strong></span> 
     </span>
     <span class='ocr_line' id='line_1_26' title="bbox 191 4037 511 4124; baseline 0.013 -24"><span class='ocrx_word' id='word_1_225' title='bbox 191 4037 367 4124; x_wconf 89' lang='lat' dir='ltr'><strong>Lipsiensis</strong></span> <span class='ocrx_word' id='word_1_226' title='bbox 383 4038 511 4106; x_wconf 87' lang='lat' dir='ltr'><strong>indicia.</strong></span> 
     </span>
    </p>
   </div>
   <div class='ocr_carea' id='block_1_6' title="bbox 190 4144 1346 4443">
    <p class='ocr_par' dir='ltr' id='par_1_6' title="bbox 190 4144 1346 4443">
     <span class='ocr_line' id='line_1_27' title="bbox 255 4144 1344 4236; baseline 0.012 -32"><span class='ocrx_word' id='word_1_227' title='bbox 255 4144 505 4230; x_wconf 84' lang='lat' dir='ltr'><strong>1168iaposito</strong></span> <span class='ocrx_word' id='word_1_228' title='bbox 550 4147 588 4210; x_wconf 89' lang='lat' dir='ltr'><strong>cf.</strong></span> <span class='ocrx_word' id='word_1_229' title='bbox 613 4150 652 4212; x_wconf 86' lang='lat'><strong>65</strong></span> <span class='ocrx_word' id='word_1_230' title='bbox 680 4147 798 4231; x_wconf 74' lang='grc'><strong>4664964</strong></span> <span class='ocrx_word' id='word_1_231' title='bbox 825 4151 866 4213; x_wconf 90' lang='grc'><strong>89</strong></span> <span class='ocrx_word' id='word_1_232' title='bbox 893 4149 1028 4215; x_wconf 78' lang='lat' dir='ltr'><strong>inmittit</strong></span> <span class='ocrx_word' id='word_1_233' title='bbox 1054 4158 1087 4212; x_wconf 90' lang='lat' dir='ltr'><strong>et</strong></span> <span class='ocrx_word' id='word_1_234' title='bbox 1110 4149 1228 4215; x_wconf 89' lang='lat' dir='ltr'><strong>similia</strong></span> <span class='ocrx_word' id='word_1_235' title='bbox 1250 4173 1344 4236; x_wconf 86' lang='lat' dir='ltr'><strong>saepe</strong></span> 
     </span>
     <span class='ocr_line' id='line_1_28' title="bbox 191 4249 1345 4340; baseline 0.01 -29"><span class='ocrx_word' id='word_1_236' title='bbox 191 4251 253 4312; x_wconf 94' lang='grc'><strong>182</strong></span> <span class='ocrx_word' id='word_1_237' title='bbox 269 4249 303 4312; x_wconf 84' lang='grc' dir='ltr'><em>Ε</em></span> <span class='ocrx_word' id='word_1_238' title='bbox 320 4271 378 4335; x_wconf 89' lang='lat' dir='ltr'><strong>pro</strong></span> <span class='ocrx_word' id='word_1_239' title='bbox 393 4251 438 4315; x_wconf 86' lang='lat' dir='ltr'><strong>Et</strong></span> <span class='ocrx_word' id='word_1_240' title='bbox 453 4251 539 4336; x_wconf 93' lang='lat' dir='ltr'><strong>quod</strong></span> <span class='ocrx_word' id='word_1_241' title='bbox 555 4254 653 4317; x_wconf 86' lang='lat' dir='ltr'><strong>ceteri</strong></span> <span class='ocrx_word' id='word_1_242' title='bbox 699 4256 762 4319; x_wconf 92' lang='grc'><strong>246</strong></span> <span class='ocrx_word' id='word_1_243' title='bbox 778 4255 986 4340; x_wconf 81' lang='lat' dir='ltr'><strong>arquiteaais,</strong></span> <span class='ocrx_word' id='word_1_244' title='bbox 1003 4256 1047 4319; x_wconf 86' lang='lat' dir='ltr'><strong>sic</strong></span> <span class='ocrx_word' id='word_1_245' title='bbox 1067 4255 1167 4320; x_wconf 87' lang='lat' dir='ltr'><strong>etiam</strong></span> <span class='ocrx_word' id='word_1_246' title='bbox 1190 4258 1263 4334; x_wconf 84' lang='grc'><strong>408,</strong></span> <span class='ocrx_word' id='word_1_247' title='bbox 1283 4261 1345 4323; x_wconf 90' lang='grc'><strong>523</strong></span> 
     </span>
     <span class='ocr_line' id='line_1_29' title="bbox 190 4354 1346 4443; baseline 0.01 -27"><span class='ocrx_word' id='word_1_248' title='bbox 190 4369 227 4416; x_wconf 91' lang='lat' dir='ltr'><strong>1v</strong></span> <span class='ocrx_word' id='word_1_249' title='bbox 259 4357 331 4431; x_wconf 87' lang='lat'>560,</span> <span class='ocrx_word' id='word_1_250' title='bbox 362 4354 424 4419; x_wconf 95' lang='grc'><strong>708</strong></span> <span class='ocrx_word' id='word_1_251' title='bbox 456 4373 479 4420; x_wconf 90' lang='lat' dir='ltr'>v</span> <span class='ocrx_word' id='word_1_252' title='bbox 510 4359 583 4434; x_wconf 84' lang='lat'>358,</span> <span class='ocrx_word' id='word_1_253' title='bbox 613 4360 694 4436; x_wconf 78' lang='lat'><strong>3653</strong></span> <span class='ocrx_word' id='word_1_254' title='bbox 732 4358 770 4422; x_wconf 82' lang='lat' dir='ltr'><strong>cf.</strong></span> <span class='ocrx_word' id='word_1_255' title='bbox 801 4359 838 4423; x_wconf 89' lang='lat' dir='ltr'><strong>R.</strong></span> <span class='ocrx_word' id='word_1_256' title='bbox 870 4359 1010 4443; x_wconf 86' lang='lat' dir='ltr'><strong>Georges</strong></span> <span class='ocrx_word' id='word_1_257' title='bbox 1040 4358 1180 4424; x_wconf 73' lang='grc'><strong>46641666</strong></span> <span class='ocrx_word' id='word_1_258' title='bbox 1214 4361 1244 4425; x_wconf 77' lang='lat' dir='ltr'><strong>a.</strong></span> <span class='ocrx_word' id='word_1_259' title='bbox 1274 4361 1346 4428; x_wconf 87' lang='lat' dir='ltr'><strong>Lat.</strong></span> 
     </span>
    </p>
   </div>
   <div class='ocr_carea' id='block_1_7' title="bbox 0 0 1552 5092">
    <p class='ocr_par' dir='ltr' id='par_1_7' title="bbox 0 0 1552 5092">
     <span class='ocr_line' id='line_1_30' title="bbox 0 0 1552 5092; baseline 0 0"><span class='ocrx_word' id='word_1_260' title='bbox 0 0 1552 5092; x_wconf 95' lang='lat' dir='ltr'><strong> </strong></span> 
     </span>
    </p>
   </div>
  </div>
 </body>
</html>
