3074 5092
186 381 224 439 44
559 382 679 444 SILVA
711 381 968 444 MANILIANA.

184 564 253 630 orbi
276 564 465 631 rescribunt.
510 589 576 631 non
603 566 707 632 dicam
734 588 832 654 quarn
860 567 940 631 dure
966 566 1197 652 intellegatur3
1219 565 1275 630 sed
1302 588 1345 630 ne

185 667 378 752 sicquidem
395 669 546 735 cohaeret
562 671 732 735 sententia
778 670 964 734 cohaereret
979 669 1007 734 si
1021 670 1088 736 tale
1104 669 1183 756 quid
1198 668 1231 734 in
1248 677 1344 734 textu

185 773 341 857 scripturn
362 785 447 839 esset
466 775 571 840 ‘orbis
593 776 755 862 torserit,
778 798 842 840 non
866 784 905 840 ut
925 775 1050 840 sidereo
1072 776 1140 841 orbi
1164 775 1346 840 contrarius

185 887 320 963 pugnet,
345 879 400 942 sed
432 887 465 943 et
492 880 562 964 ipse
584 879 721 944 inclinat
747 902 813 966 qua
839 879 980 944 mundus
1010 902 1121 945 cursus
1151 879 1220 965 agit
1243 880 1345 945 uires·

185 1002 249 1065 que
269 1003 351 1066 quas
365 981 435 1067 ipse
455 981 566 1046 amisit
581 982 647 1046 illis
662 985 778 1068 negat?
823 983 935 1069 itaque
951 1005 1064 1048 uersus
1079 991 1152 1069 post
1167 986 1228 1050 861
1247 982 1346 1047 amis-

186 1107 240 1149 sus
255 1093 314 1164 est,
329 1087 463 1151 fortasse
478 1087 533 1151 uel
548 1087 666 1172 plures.

253 1250 275 1296 v
299 1236 341 1299 33
364 1233 454 1316 onus]
478 1232 616 1298 ducibus
639 1233 802 1298 codicibus
826 1234 856 1298 G
881 1232 1012 1305 ‘honos'
1032 1234 1060 1298 L
1080 1233 1217 1311 ‘honus'
1242 1232 1346 1298 bonus

186 1336 297 1403 scribe.

252 1495 276 1540 v
299 1480 342 1542 40
365 1499 431 1563 sqq.

318 1597 374 1661 illa
396 1597 542 1683 quisquis
565 1598 628 1663 erit
649 1597 745 1662 terris
769 1597 893 1662 oriente
916 1606 1043 1662 creatus

318 1710 420 1765 rector
443 1700 504 1765 erit
526 1701 644 1786 puppis
666 1701 823 1784 clauoque
845 1699 1023 1764 immobilis
1045 1699 1182 1765 haerens

318 1804 461 1870 mutabit
485 1806 597 1890 pelago
620 1814 721 1870 terras
744 1805 918 1890 uentisque
940 1814 1096 1891 sequetur

318 1910 479 1973 fortunam
503 1917 676 1995 totumque
700 1911 789 1975 uolet
812 1921 942 1974 tranare
965 1910 1163 1994 profundum

318 2013 473 2078 classibus
495 2023 595 2099 atque
614 2013 693 2079 alios
716 2037 843 2079 menses
866 2015 1030 2100 aliumque
1055 2014 1165 2079 nidere

320 2119 439 2183 Phasin
462 2127 495 2183 et
518 2119 553 2183 in
576 2128 686 2184 cautes
709 2120 840 2205 Tiphyn
864 2141 1015 2204 superare
1038 2126 1243 2184 trementem.
1306 2121 1348 2182 45

254 2251 404 2336 ineptum
420 2273 539 2316 meuses
554 2250 725 2315 Bentleius
746 2258 833 2315 recte
847 2251 1058 2336 impugnauit
1074 2258 1107 2314 et
1122 2247 1348 2334 reponendum

188 2354 320 2440 Minyas
332 2353 449 2418 Iacobo
464 2376 594 2439 quoqne
605 2355 717 2438 (praef.
731 2377 760 2439 p.
772 2354 867 2437 xviii)
879 2353 1048 2439 persuasit.
1081 2351 1255 2417 minimum
1272 2374 1349 2417 sane

188 2481 208 2523 a
234 2457 351 2521 litteris
377 2458 468 2522 abest
495 2457 581 2542 quod
608 2457 696 2543 apud
723 2459 794 2522 Val.
821 2458 974 2522 Flaccum
1004 2461 1030 2522 1.
1058 2459 1123 2521 310
1149 2455 1199 2539 (in
1226 2478 1257 2520 u.
1285 2454 1347 2521 227

189 2561 334 2627 eiusdem
358 2561 432 2627 libri
455 2570 586 2647 propter
608 2563 688 2626 alias
707 2561 906 2646 corruptelas
927 2583 977 2625 res
998 2561 1107 2647 paullo
1129 2560 1295 2643 incertior)
1313 2558 1349 2623 in

188 2669 345 2731 ‘mensas'
366 2666 458 2730 abiit.
503 2667 556 2730 hic
581 2674 691 2731 tamen
714 2674 822 2750 potest
844 2683 974 2731 moeres
996 2665 1107 2729 latere.
1152 2686 1229 2729 nam
1253 2663 1349 2750 Sym·

190 2771 342 2856 plegades
368 2792 472 2855 paene
493 2770 622 2855 proprie
646 2767 811 2834 ‘montes’
834 2768 996 2845 dicuntur,
1015 2776 1053 2832 ut
1072 2791 1092 2832 a
1112 2767 1236 2832 Seneca
1255 2767 1300 2832 H.
1312 2767 1349 2833 F.

191 2874 386 2951 1222111111.
408 2877 482 2951 342,
505 2875 576 2939 Val.
602 2874 649 2938 Fl.
669 2877 699 2939 4.
720 2871 792 2948 576,
814 2875 885 2949 582,
906 2875 979 2949 645,
1001 2870 1073 2949 677,
1094 2869 1349 2964 8191011111.

189 2978 270 3044 Bell.
296 2976 384 3042 Goth.
407 2981 436 3054 6,
459 2976 577 3062 quibus
603 2976 682 3040 locis
706 2976 874 3061 perpensis
900 2976 940 3040 A.
965 2975 1106 3039 Palmeri
1128 2974 1349 3039 coniecturam

189 3080 304 3145 montis
333 3079 395 3144 duo
422 3079 456 3143 in
481 3078 573 3163 Prop.
602 3082 630 3143 2.
658 3082 707 3144 26.
732 3081 773 3143 34
803 3077 992 3162 recepimus
1037 3077 1160 3141 Lucani
1191 3077 1291 3142 uerba
1322 3080 1349 3141 2.

191 3183 252 3249 717
281 3206 347 3270 sqq.
374 3185 496 3270 quippe
524 3183 577 3248 cui
606 3184 740 3247 fortasse
771 3182 824 3247 hio
851 3183 966 3247 Manili
997 3182 1085 3246 locus
1115 3181 1269 3247 scribenti
1295 3182 1351 3247 ob·

190 3297 338 3354 uersatus
357 3288 408 3364 sit,
423 3287 585 3352 exscribo:
612 3295 663 3351 ‘ut
684 3288 847 3374 Pagasaea
865 3287 945 3352 ratis
960 3295 1087 3374 peteret
1103 3309 1177 3351 cum
1192 3286 1353 3352 Phocidos

191 3393 294 3458 undas
312 3391 317 3479 Ι
339 3391 486 3478 Cyaneas
503 3392 601 3456 tellus
622 3392 732 3456 emisit
753 3393 786 3456 in
809 3415 949 3479 aequora
970 3401 1082 3469 cautes,
1102 3390 1106 3478 Ι
1128 3401 1222 3475 rapta
1240 3414 1352 3477 puppe

191 3499 295 3564 minor
314 3498 474 3564 subducta
494 3509 544 3562 est
563 3498 720 3563 montibus
736 3498 824 3583 Argo
844 3497 850 3583 Ι
869 3520 1018 3583 uanaque
1041 3496 1198 3582 percussit
1213 3505 1352 3582 pontum

192 3600 383 3687 Symplegas
397 3600 529 3665 inanem
548 3599 552 3687 Ι
575 3609 609 3665 et
624 3608 752 3665 statura
766 3599 868 3665 redit’

258 3773 282 3820 v
305 3760 344 3821 51

375 3861 499 3926 Punica
520 3884 578 3928 nec
601 3872 670 3927 toto
694 3861 873 3926 fluitabunt
895 3881 1033 3946 aequore
1056 3868 1160 3923 rostra

258 4015 364 4071 rostro
393 4014 465 4069 tum
496 4004 590 4069 credo
620 4005 800 4070 fluitabunt
838 4028 911 4069 cum
943 4026 998 4068 aes
1028 4001 1201 4068 nataucrit.
1250 4002 1354 4068 scribe

194 4119 362 4176 APLVStro
387 4108 455 4173 coll.
480 4109 624 4174 Lucr.11
651 4114 713 4174 555
740 4121 774 4173 et
799 4108 966 4174 Ciceronis
988 4108 1122 4174 Arateis
1144 4129 1194 4192 ap.
1219 4106 1316 4172 Prisc.
1341 4124 1354 4171 1

194 4240 223 4303 p.
255 4219 316 4281 351
350 4214 392 4278 Η.
422 4212 603 4296 (Baehrens
634 4213 725 4278 Poet.
756 4214 793 4278 R.
817 4214 931 4300 fragm.
955 4213 1054 4295 xxv).
1112 4211 1293 4297 ‘aplustra'
1320 4211 1355 4276 in

194 4315 347 4405 ‘prustra'
362 4324 549 4402 corruptum
565 4315 665 4380 estin
681 4316 854 4382 Parisiensi
872 4314 981 4381 codice
996 4315 1112 4400 (8779)
1128 4315 1355 4380 commentarii

194 4432 345 4488 notarum
361 4421 606 4485 Tironianarum
622 4421 666 4503 (u.
683 4421 729 4485 ed.
747 4419 900 4486 Schmitz.
917 4443 948 4506 p.
965 4418 1008 4502 7).
1054 4441 1130 4487 mox
1145 4427 1300 4485 secuntur
