3074 5092
187 375 224 432 52
559 374 681 435 SILVA
712 374 968 437 MANILIANA.

187 555 331 642 Ybyestes
358 562 443 623 1044
469 582 535 645 sqq.
563 559 641 624 ‘hoc
667 569 717 625 est
744 560 830 647 quod
860 560 977 625 auidus
1005 583 1119 646 capere
1146 584 1211 625 non
1237 560 1347 646 potuit

184 664 294 745 pater’
316 661 320 748 Ι
339 664 465 749 (itaque
491 671 598 729 mutat
623 674 717 749 pater
740 666 858 747 natos),
885 664 1082 730 ‘uoluuntur
1106 666 1197 732 intus
1222 665 1348 732 uiscera

185 772 219 828 et
242 765 365 845 clusum
389 767 480 832 nefas
500 765 505 852 Ι
524 767 594 831 sine
617 767 708 832 exitu
732 767 873 833 luctatur
895 775 928 832 et
950 768 1080 853 quaerit
1102 769 1229 855 fugam!

250 882 404 933 secuntur
428 871 528 934 uerba
550 871 733 954 ‘solemque
757 892 923 935 reuersum
944 869 948 957 Ι
970 879 1004 936 et
1028 894 1158 937 caecum
1185 873 1255 937 sine
1279 872 1345 937 sole

185 959 293 1048 diem,'
312 973 467 1037 Thebana
496 973 626 1037 iuuabit
649 976 654 1055 Ι
679 973 785 1039 dicere
815 975 902 1040 bella
931 975 1036 1041 uteri?
1089 976 1142 1040 bic
1172 977 1237 1042 sole
1273 984 1346 1062 post

184 1073 281 1138 solem
311 1075 400 1139 nullo
429 1075 524 1139 modo
553 1075 721 1141 ferendum
752 1084 809 1154 est,
836 1076 924 1162 quod
950 1077 1016 1141 iam
1043 1079 1141 1143 multi
1167 1088 1346 1157 senserunt,

185 1188 219 1244 et
249 1180 328 1245 satis
363 1181 442 1244 mire
480 1203 536 1265 pro
575 1180 710 1246 thebana
747 1181 780 1245 in
814 1181 968 1246 Vossiano
1005 1182 1111 1268 primo
1146 1191 1180 1248 et
1215 1183 1346 1250 Cusano

185 1283 340 1366 tit(lr)unc
366 1283 507 1348 traditur
536 1293 574 1348 ut
604 1285 646 1348 ab
678 1283 790 1348 Ellisic
817 1284 998 1350 didicimus.
1057 1285 1141 1351 bene
1170 1285 1258 1351 idem
1289 1286 1346 1351 ad-

184 1389 312 1452 notauit
333 1388 494 1453 ‘Titanis'
517 1388 716 1452 mentionem
737 1387 771 1451 in
793 1388 852 1452 boc
867 1388 1008 1453 facinore
1025 1390 1224 1474 frequentari
1240 1389 1346 1473 (Noct.

185 1490 299 1557 Manil.
320 1514 371 1576 pp.
395 1494 457 1557 195
473 1491 542 1575 sq).
587 1498 787 1575 quapropter
809 1489 879 1554 ueri
902 1489 1008 1554 simile
1032 1491 1164 1556 uidetur
1186 1492 1344 1558 ‘TJPANA

183 1597 366 1660 reuersum’
382 1620 402 1660 a
424 1596 557 1660 Manilio
577 1596 690 1658 datum
712 1617 799 1674 esse3
821 1594 897 1658 hine
918 1596 951 1658 in
968 1595 1056 1659 illius
1076 1596 1223 1662 Thebana
1237 1597 1343 1662 locum

184 1701 218 1763 in
249 1700 289 1764 iis
319 1722 400 1787 quos
431 1699 599 1764 nominaui
629 1699 793 1763 codicibus
822 1699 1017 1764 translatum
1047 1723 1126 1776 esse,
1156 1701 1237 1766 illud
1268 1723 1347 1766 uero

183 1803 348 1891 solemque,
372 1804 544 1869 enarrandi
567 1803 674 1888 gratia
700 1825 797 1888 supra
823 1803 989 1890 scriptum,
1012 1802 1164 1870 ‘Titana'
1187 1826 1247 1869 sua
1270 1805 1345 1870 sede

185 1908 356 1993 expulisse.

250 2011 307 2097 qui
332 2013 479 2097 seqnitur
501 2035 613 2078 uersus
636 2011 731 2098 (467)
751 2012 845 2078 ‘hinc
869 2014 981 2092 uestis,
1003 2013 1093 2080 illinc
1117 2015 1264 2080 flammas
1288 2038 1347 2101 pro

185 2139 319 2180 munere
346 2118 475 2182 missas’
503 2117 581 2203 quid
609 2117 662 2181 hic
688 2117 750 2182 sibi
781 2117 871 2191 uelit,
898 2119 1021 2184 nescire
1053 2142 1104 2184 me
1135 2120 1244 2185 fateor.
1305 2119 1346 2184 de

185 2221 332 2287 uestibus
347 2221 555 2307 flammigeris
574 2222 748 2307 accipiunt,
763 2245 843 2308 quas
859 2221 999 2290 Creusae
1016 2223 1105 2290 misit
1121 2224 1243 2289 Medea.
1289 2223 1347 2289 sed

184 2327 225 2393 ad
255 2327 343 2391 illam
376 2350 438 2391 non
470 2327 546 2391 binc
576 2337 692 2405 uestes,
721 2327 812 2392 illinc
842 2328 992 2393 flammae
1027 2337 1104 2393 sunt
1135 2329 1259 2406 missae,
1289 2328 1344 2394 sed

184 2443 341 2517 utraeque
362 2431 515 2497 indidem.
564 2433 643 2497 haec
664 2433 860 2519 quicumque
881 2433 1010 2520 scripsit
1030 2435 1150 2520 (neque
1166 2434 1254 2499 enirn
1270 2456 1345 2499 con·

184 2537 275 2600 tinuo
291 2558 310 2600 a
326 2535 460 2600 Manilio
476 2537 745 2617 abiudicauerim)
760 2536 800 2602 de
821 2537 959 2602 Hercule
975 2537 1137 2622 scripsisse
1153 2539 1257 2604 credo.
1296 2537 1344 2603 illi

183 2639 271 2704 enim
288 2649 394 2704 uestes
409 2640 534 2705 misisse
549 2640 713 2716 Deianira,
724 2639 871 2705 flammas
888 2642 1012 2706 Nessus
1025 2641 1203 2707 rectissime
1215 2641 1343 2707 dicitur.

184 2743 308 2808 omissis
324 2744 374 2807 his
389 2750 497 2808 cetera
513 2744 636 2828 optime
652 2744 738 2808 inter
753 2766 787 2808 se
803 2744 1030 2809 cohaerebunt.

271 2903 329 2946 nec
352 2881 461 2946 minus
483 2889 517 2945 et
539 2883 695 2946 scelerum
718 2881 800 2946 facie
823 2904 996 2967 rerumque
1018 2882 1166 2948 tumultu

270 2984 479 3071 gaudebunt3
515 3002 638 3049 sarrai
677 2986 798 3050 luctam
828 2986 894 3067 (uel
929 2985 1059 3070 luxum)
1089 3008 1266 3051 memorare
1297 3009 1347 3052 se-

357 3088 485 3174 pulchri

270 3200 520 3278 ructantemque
542 3203 669 3280 patrem
693 3204 796 3270 natos,
821 3195 957 3259 ΤΙΤΑΝΑ
979 3216 1145 3259 reuersum

272 3305 305 3362 et
327 3318 456 3361 caecum
480 3298 549 3362 sine
572 3298 638 3362 sole
660 3297 755 3363 diem.
801 3297 959 3362 Thebana
980 3296 1110 3361 iuuabit

271 3398 376 3464 dicere
398 3399 485 3465 bella
507 3401 593 3465 uteri
614 3401 822 3485 mixtumque
844 3400 879 3465 in
901 3402 1001 3465 fratre
1024 3408 1193 3484 parentem

271 3527 443 3590 quaerere;
473 3504 608 3570 Medeae
631 3514 725 3570 natos
748 3506 946 3592 fratremque
969 3513 1161 3590 patremque

271 3608 455 3695 aeriamque
479 3610 588 3694 fugam
612 3626 807 3695 Nucrasque
831 3632 870 3674 ex
893 3610 1026 3696 ignibus
1049 3632 1159 3674 annes.

249 3753 323 3830 post
343 3766 494 3829 quaerere
516 3746 652 3830 plenius,
668 3754 705 3810 ut
726 3746 827 3824 uides,
847 3746 1046 3832 interpunri,
1066 3768 1141 3810 mox
1164 3768 1223 3832 pro
1244 3755 1348 3812 nectos

183 3849 307 3932 (nectos,
334 3850 444 3931 notos),
470 3847 557 3933 quod
587 3848 711 3913 codices
737 3848 868 3923 habent,
892 3859 1012 3916 unctos
1041 3849 1161 3935 scripsi.
1207 3849 1345 3914 uerbum

184 3950 271 4014 enim
293 3949 421 4034 passiue
444 3949 677 4034 accipiendum,
701 3949 793 4014 cuius
815 3951 863 4015 rei
887 3951 989 4016 lexiea
1013 3953 1162 4037 exempla
1184 3951 1246 4016 tibi
1270 3973 1346 4037 sup

183 4054 389 4141 peditabunt,
405 4055 593 4120 nesciebant
609 4054 740 4120 librarii.

248 4209 272 4256 v
295 4191 359 4257 479
375 4214 420 4276 sq.

358 4313 501 4378 ext-ernis
523 4322 633 4376 tamen
656 4325 753 4398 aptus
775 4316 838 4378 erit
860 4337 947 4379 nunc
971 4337 1048 4379 uoce
1071 4315 1186 4400 poetis,

359 4440 445 4482 nunc
469 4417 568 4481 tacito
590 4425 694 4504 gestu.
