3074 5092
557 331 625 391 SIL
634 330 680 390 Va
712 329 967 389 MANILIANA.
1303 330 1341 388 15

249 539 288 586 1v
304 520 366 587 579
383 544 450 607 sqq.

271 658 393 724 scilicet
415 658 450 722 in
473 657 594 744 piscem
619 679 688 722 sese
712 656 878 742 Cytherea
899 654 1046 732 nouauit,

272 785 346 827 cum
369 763 602 848 Babyloniacas
624 783 805 826 summersa
827 760 971 846 profugit
993 759 1029 822 in
1052 758 1155 822 undas

273 867 491 953 anguipedem
514 868 616 932 alatos
638 889 767 931 umeros
791 865 950 952 Typhona
971 865 1139 929 ferentem.

252 1028 382 1070 uersum
410 1011 482 1085 581,
507 1005 570 1071 nisi
600 1006 695 1070 aliter
724 1005 900 1070 iudicasset
926 1002 1104 1079 Bentleius,
1129 1000 1345 1065 Manilianum

186 1111 332 1197 uigorem
344 1110 474 1196 spirare,
487 1119 525 1176 ut
536 1133 634 1196 quem
647 1110 797 1183 maxime,
811 1109 973 1173 dixissem.
1007 1108 1048 1172 de
1063 1107 1143 1171 falso
1154 1102 1345 1170 barbarismi

186 1215 320 1281 crimine
336 1215 402 1280 iam
418 1215 504 1281 dixit
519 1215 659 1280 Ellisius.
705 1215 765 1279 hoc
782 1221 913 1278 tantum
929 1212 1021 1288 addo,
1036 1234 1101 1275 non
1122 1207 1348 1293 coniungenda

186 1342 255 1385 esse
278 1319 381 1385 uerba
394 1327 401 1352 ‘
414 1320 559 1406 profugit
578 1320 737 1404 Typhona
756 1317 792 1381 in
811 1317 951 1395 undas';
974 1314 1030 1380 sed
1057 1315 1112 1378 ‘in
1134 1314 1237 1378 undas
1259 1334 1347 1376 sum-

187 1423 310 1500 mersa’
340 1446 397 1487 seu
428 1423 513 1509 quod
543 1423 633 1488 aliud
671 1421 880 1508 participium
910 1443 968 1506 pro
1005 1417 1217 1484 ‘summersa'
1254 1415 1378 1480 malis·

187 1530 304 1616 legere,
330 1539 365 1592 et
388 1528 549 1614 ‘profugit
576 1527 752 1612 Typhona,'
780 1536 957 1611 utrumque
984 1525 1054 1589 sine
1079 1522 1261 1588 offensione.
1307 1521 1347 1585 de

188 1633 276 1696 alato
305 1631 463 1716 Typhone
488 1639 562 1716 post
588 1630 800 1695 Kuhnertum
831 1629 880 1712 (in
910 1628 1007 1694 lexico
1029 1626 1244 1692 Rosclrerr‘ouo
1270 1647 1293 1689 s,
1318 1647 1349 1689 u.

187 1736 348 1820 pipantes)
363 1744 397 1799 et
413 1735 563 1798 Ellisium
580 1735 662 1798 nihil
678 1756 759 1819 opus
775 1742 824 1798 est
840 1733 954 1797 dicere.
992 1733 1073 1796 mire
1090 1753 1166 1796 sane
1179 1729 1349 1794 Bentleius

188 1840 339 1903 “frustra
365 1839 451 1903 enim
483 1848 610 1903 montes
637 1837 803 1903 montibus
829 1837 1131 1923 imposuissent...si
1157 1843 1246 1900 recta
1271 1833 1349 1898 illuc

188 1943 315 2008 evolare
337 1942 545 2029 potuissent-,''
567 1941 608 2006 ad
629 1942 785 2006 historiae
813 1963 959 2005 normam
986 1940 1120 2005 fabellas
1146 1947 1350 2025 portentosas

189 2069 351 2110 reuocans.
395 2068 497 2110 unum
513 2055 564 2110 est
585 2046 671 2132 quod
690 2046 880 2131 scrupulum
902 2045 983 2109 mihi
1001 2044 1125 2121 iniciat,
1145 2044 1280 2108 fortasse
1299 2042 1349 2106 in-

187 2151 279 2226 iuria,
302 2149 461 2236 ferentem
490 2172 548 2235 pro
577 2149 805 2214 ‘inferentem'
836 2150 971 2214 dictum.
1017 2147 1196 2212 uidendum
1227 2153 1278 2211 est
1306 2166 1349 2210 ne

182 2253 330 2340 ferentes
343 2255 508 2340 scripserit
524 2254 688 2319 Manilius,

258 2417 297 2464 1v
313 2398 377 2465 873
393 2422 460 2486 sqq.

258 2561 390 2603 uersum
406 2543 469 2603 882

279 2678 405 2751 quanta
427 2675 461 2732 et
483 2654 560 2752 pars
581 2677 729 2753 superest
751 2668 912 2732 rationem
935 2667 1058 2732 discere
1081 2667 1185 2733 noctis

192 2803 337 2868 alienum
354 2804 407 2867 hic
422 2826 491 2868 esse
507 2813 679 2868 senserunt
698 2813 732 2869 et
749 2805 894 2890 Scaliger
909 2813 943 2869 et
961 2805 1141 2882 Bentleius,
1156 2827 1193 2869 ac
1209 2803 1353 2889 Scaliger

195 2908 327 2992 quidem
354 2930 430 2971 eum
457 2916 531 2994 post
562 2909 625 2973 876
656 2909 810 2993 reposuit,
840 2916 950 2985 “eam,
977 2909 1098 2994 opinor,
1128 2908 1169 2972 ob
1196 2907 1352 2983 causam,”

193 3020 232 3075 ut
264 3011 435 3075 Bentleius
464 3011 512 3076 ait
543 3012 647 3097 “quia
678 3012 761 3076 nihil
791 3020 871 3090 erat,
901 3034 966 3098 quo
992 3013 1103 3077 referri
1133 3020 1242 3097 posset
1271 3010 1353 3074 illud

195 3115 404 3180 daceduffl
424 3116 469 3198 (u.
494 3114 586 3199 877);
613 3124 649 3180 at
674 3116 744 3201 ipse
768 3115 938 3180 Bentleius
956 3124 995 3180 ut
1013 3104 1197 3181 &suendae
1215 3124 1249 3179 et
1269 3135 1353 3199 quae

195 3229 350 3282 secuntur
365 3218 587 3282 laborantibus
607 3227 783 3298 succurrat,
798 3241 856 3304 pro
872 3228 901 3284 et
916 3242 1053 3284 munero
1066 3219 1147 3284 coeli
1161 3242 1192 3283 u.
1208 3216 1272 3283 876
1288 3225 1355 3284 ‘est

195 3345 327 3387 munere
350 3322 448 3387 caeli'
471 3322 560 3407 legit,
580 3331 692 3388 nostro
713 3345 791 3388 uero
811 3324 852 3388 de
874 3346 971 3387 uersu
994 3323 1040 3387 sic
1061 3323 1202 3387 iudicat:
1225 3321 1354 3407 “irrep-

194 3427 291 3491 titius
309 3435 344 3490 et
364 3427 505 3491 insulsus
526 3436 576 3492 est
598 3436 633 3492 et
647 3429 757 3492 neutri
773 3429 842 3493 loco
858 3427 1019 3492 conuenit.
1065 3426 1207 3492 Difficile
1230 3448 1305 3490 vero
1321 3438 1356 3491 et

198 3528 309 3613 magni
329 3529 523 3606 faciendum,
541 3530 641 3595 noctis
659 3531 818 3595 cattorum
839 3531 975 3610 uncae
999 3553 1098 3616 quam
1120 3530 1172 3595 vel
1193 3530 1226 3593 in
1250 3530 1355 3614 primo

195 3633 280 3697 libro
295 3634 420 3697 Auctor
437 3632 617 3698 docuerat.''
661 3634 761 3700 nocta
780 3635 879 3712 illius,
895 3645 934 3698 ut
954 3636 1054 3711 uides,
1071 3634 1233 3709 taedebat,
1248 3654 1354 3718 neque

197 3737 380 3816 immerit03
409 3759 506 3822 quam
537 3738 595 3823 qui
625 3746 698 3822 post
723 3738 818 3802 illum
845 3739 1055 3825 interpretari
1082 3739 1206 3814 uolunt,
1232 3737 1273 3802 de
1297 3760 1356 3802 suo

197 3863 309 3905 omnes
330 3840 454 3926 aliquid
475 3841 667 3925 largiuntur,
682 3841 776 3906 uelut
798 3842 932 3907 Ellisius
947 3852 982 3907 et
998 3842 1122 3908 ‘noctis
1137 3850 1166 3908 et
1179 3840 1358 3907 siderum’:

199 3966 284 4008 unus
300 3943 386 4029 quod
401 3944 500 4009 sciam
517 3945 684 4009 Breiterus
698 3946 734 4009 in
752 3946 872 4009 malam
892 3967 961 4009 rem
981 3945 1071 4010 abire
1090 3945 1183 4010 iubet
1203 3954 1238 4011 et
1256 3945 1358 4010 aonia

199 4047 409 4111 coniectando
420 4056 602 4112 structurae
614 4069 744 4132 quoquc
755 4048 931 4113 dissolutae
943 4048 1117 4113 subuenire
1133 4057 1285 4124 conatur;
1300 4047 1357 4113 sed

201 4172 284 4235 quae
314 4151 514 4236 excogitauit
543 4154 702 4218 rariorum
732 4153 845 4219 ducem
870 4155 970 4219 nortis
993 4153 1108 4219 ceteris
1134 4176 1198 4217 non
1230 4152 1292 4216 nisi
1322 4152 1358 4217 ui

200 4254 310 4339 aliqua
339 4255 445 4340 aptari
468 4263 633 4339 poterunt.
677 4255 718 4320 de
744 4257 913 4323 infinitiuo
942 4280 1019 4322 uero
1050 4257 1192 4333 Ellisius,
1218 4266 1256 4321 ut
1282 4278 1358 4320 eum

201 4365 399 4443 praeteream
436 4360 494 4444 qui
523 4358 751 4424 ‘descendere'
781 4361 822 4424 ad
854 4360 985 4425 ‘iuuat'
1021 4362 1070 4442 (di
1106 4360 1183 4424 boni
1196 4362 1219 4438 1)
1253 4358 1360 4423 uoluit

202 4462 329 4538 referre,
355 4463 411 4524 uix
438 4463 518 4526 satis
543 4471 630 4527 recte
655 4462 814 4528 iudicauit
841 4486 914 4528 cum
937 4486 976 4528 ex
998 4463 1108 4528 uerbis
1131 4462 1360 4550 ‘perspicimus
