3074 5092
248 369 266 425 8
619 363 742 425 SILVA
772 364 1030 423 MANILIANA.

248 543 311 607 nisi
326 543 501 628 prudentia
521 545 679 608 mundum
699 553 835 632 regeret,
856 543 1035 629 periculum
1057 549 1126 607 erat
1147 563 1188 606 ne
1209 548 1297 605 astra
1317 545 1404 603 certo

247 648 304 712 illo
324 671 382 713 suo
402 648 530 713 ambitu
552 649 744 726 intermisso,
765 657 823 713 aut
846 650 910 713 huc
932 648 1010 712 illuc
1033 647 1168 711 licenter
1188 652 1332 710 errarent
1346 651 1405 707 aut

248 752 338 815 omni
358 759 449 815 motu
470 774 599 837 prorsus
620 760 773 816 carerent.
821 759 1013 837 sequentem
1034 772 1165 814 uersum
1186 749 1235 813 ita
1255 745 1405 812 seruabat

249 857 419 921 Bentleius
439 865 478 922 ut
499 856 652 921 audacius
672 879 760 941 uaga
774 879 832 941 pro
847 879 907 920 suc
922 863 1099 942 reponeret.
1145 877 1210 918 non
1225 853 1312 917 tanti
1328 860 1406 916 erat.

248 981 309 1024 sau
323 981 381 1044 pro
398 959 496 1023 ‘eius’
513 959 655 1043 positum
672 958 838 1022 falsarium
854 959 963 1044 arguit
980 966 1015 1022 et
1030 958 1146 1021 Latine
1162 957 1256 1019 illum
1272 954 1404 1041 quidem

249 1064 456 1128 nescientem.
494 1063 706 1127 Bentleianae
722 1063 941 1126 emendationi
958 1062 1039 1126 illud
1054 1084 1119 1126 non
1134 1060 1307 1125 obiecerim
1319 1058 1405 1145 quod

248 1167 388 1254 ‘uagus'
409 1166 466 1229 uix
487 1165 554 1229 ullo
573 1165 746 1229 interuallo
767 1166 880 1252 ‘uaga’
901 1175 1064 1252 sequatur.
1111 1164 1297 1229 huiusmodi
1318 1163 1406 1228 enim

249 1272 413 1357 permulta
428 1271 515 1356 apud
531 1279 659 1335 ueteres
674 1271 891 1356 reperiuntur.

316 1435 343 1481 11
366 1421 431 1482 424
453 1440 520 1503 sqq.

381 1555 416 1610 at
438 1567 501 1610 non
525 1545 676 1630 Lanigeri
699 1546 827 1631 signum
851 1544 1031 1630 Libraeque
1054 1554 1216 1630 repugnat

382 1650 417 1713 in
439 1657 554 1727 totum,
577 1650 655 1734 quia
677 1672 736 1713 uer
758 1659 915 1715 autumno
939 1660 1082 1734 tempore
1105 1649 1224 1724 differt,
1344 1649 1408 1710 425

382 1751 439 1816 sed
461 1752 586 1816 ratione
608 1752 679 1838 pari
702 1760 752 1816 est
774 1753 921 1838 aequatis
945 1762 1039 1816 nocte
1062 1751 1183 1816 diebus.
1345 1745 1408 1812 427

382 1856 542 1920 fructibus
563 1855 616 1919 hic
638 1856 754 1941 implet
778 1857 921 1934 maturis,
943 1856 1075 1920 floribus
1097 1855 1187 1932 illud,
1345 1854 1409 1918 426

383 1969 593 2044 temporaque
617 1959 762 2025 efficiunt
784 1959 883 2023 simili
905 1959 1073 2023 concordia
1095 1966 1198 2023 textu.

318 2099 364 2162 sic
379 2097 549 2162 ordinandi
565 2106 642 2161 sunt
657 2097 692 2161 hi
707 2119 827 2163 uersus.
872 2098 907 2161 in
930 2121 1026 2162 uersu
1050 2096 1123 2174 427,
1143 2097 1252 2182 quiin
1273 2118 1306 2160 se
1327 2094 1412 2158 nibil

255 2201 354 2266 habet
383 2201 470 2286 quod
499 2201 671 2286 displiceat
700 2211 773 2286 post
799 2224 829 2265 u.
855 2205 918 2265 425
949 2201 1040 2286 sequi
1070 2201 1184 2277 iussus,
1214 2209 1351 2284 tempore
1377 2207 1412 2262 et

254 2307 377 2372 ratione
394 2308 481 2370 inter
499 2328 533 2370 se
553 2313 763 2391 opponuntur
784 2316 821 2371 ut
841 2306 963 2371 Graece
986 2304 1096 2394 χρόνῳ
1113 2315 1147 2369 et
1161 2303 1260 2390 λόγῳ,
1274 2326 1339 2389 quo
1353 2303 1412 2367 uix

255 2411 359 2475 ullum
383 2411 492 2474 notius
518 2409 606 2494 apud
632 2409 838 2495 philosophos
862 2410 1040 2476 ἀντίθετον.
1084 2409 1208 2473 Arietis
1230 2407 1413 2493 Libraeque

254 2513 346 2600 signa
383 2513 536 2598 temporis
573 2512 746 2576 interuallo
776 2535 875 2597 quam
912 2514 1054 2576 maximo
1084 2513 1171 2576 inter
1208 2533 1242 2575 se
1279 2511 1413 2588 distant,

254 2618 412 2682 rationem
442 2641 519 2681 uero
550 2639 623 2681 cum
655 2639 765 2680 eorum
792 2617 951 2701 inspicias,
982 2627 1015 2681 et
1045 2616 1190 2680 noctium
1220 2615 1412 2698 dierumque

255 2721 369 2807 spatiis
384 2721 530 2806 aequatis
546 2730 579 2784 et
595 2720 753 2784 donorum
768 2720 983 2784 similitudine
998 2720 1146 2805 proxima
1161 2718 1324 2784 uidentur.

321 2885 349 2931 11
373 2872 435 2933 530
458 2890 524 2953 sqq.

364 3005 480 3068 idcirco
503 3012 536 3068 et
559 3004 679 3068 cedunt
702 3003 840 3088 pecudes
863 3003 949 3088 quod
972 3004 1096 3067 uiribus
1119 3004 1237 3089 amplis
1349 3005 1413 3067 530

365 3106 533 3171 consilium
556 3114 606 3170 est
628 3106 741 3170 maius,
785 3107 893 3170 uictus
916 3107 982 3170 Leo
1005 3107 1108 3191 fulget
1130 3108 1165 3171 in
1187 3106 1302 3186 astris;

365 3232 463 3273 aurea
485 3208 644 3293 Lanigero
667 3209 823 3272 concessit
846 3209 951 3273 sidera
973 3209 1085 3294 pellis;

364 3316 433 3401 ipse
456 3335 532 3379 suae
554 3313 642 3397 parti
665 3311 850 3379 Centaurus
873 3321 999 3398 tergore
1022 3315 1116 3379 cedit.

365 3442 466 3505 usque
489 3419 569 3483 adeo
592 3427 642 3483 est
664 3419 804 3482 hominis
826 3418 935 3483 uictus
957 3441 1022 3504 quo
1044 3419 1143 3484 mirer
1165 3418 1207 3483 ab
1230 3418 1294 3483 illis

364 3522 526 3586 nascentis
549 3522 666 3585 Librae
689 3522 833 3605 superari
856 3543 949 3606 posse
972 3522 1145 3606 trigonum.
1351 3522 1415 3584 535

321 3662 399 3726 haec
429 3660 572 3724 difficilia
607 3667 641 3723 et
678 3668 829 3744 corrupta
860 3681 927 3723 esse
957 3661 1070 3745 negari
1100 3681 1163 3723 non
1195 3667 1319 3743 potest:
1358 3656 1416 3722 sed

254 3765 365 3853 spuria
400 3786 468 3828 esse
498 3764 588 3827 nullo
619 3763 726 3827 minus
756 3772 948 3849 argumento
979 3763 1126 3827 efficitur.
1184 3784 1251 3826 rem
1282 3760 1419 3846 propius

253 3869 470 3955 inspiciamus.
516 3867 725 3930 conferuntur
745 3866 831 3930 inter
853 3889 886 3930 se
909 3866 1036 3952 trigona
1056 3867 1130 3944 duo,
1153 3867 1269 3931 Librae
1290 3866 1419 3932 scilicet

255 3971 452 4054 Arietisque.
497 3969 614 4033 Librae
631 3969 793 4053 trigonum
810 3992 850 4033 ex
866 3970 916 4032 his
932 3969 1035 4033 tribus
1051 3978 1178 4034 constat
1193 3969 1302 4054 signis,
1318 3968 1419 4034 Libra

256 4075 413 4151 Geminis,
431 4073 593 4158 Aquari03
620 4073 742 4136 Arietis
761 4097 800 4137 ex
821 4073 881 4149 his,
896 4074 1017 4149 Ariete,
1033 4074 1150 4150 Leone,
1168 4073 1344 4160 Sagittario
1361 4075 1420 4138 uel

258 4178 429 4246 Centauro,
475 4176 554 4240 haec
572 4175 635 4238 illis
654 4176 790 4239 aduersa
808 4184 842 4240 et
861 4178 1019 4241 contraria
1037 4185 1122 4254 sunt,
1137 4177 1277 4263 pecudes
1293 4177 1419 4244 scilicet

259 4283 444 4348 hominibus
460 4280 561 4364 (unde
582 4279 681 4343 etiam
703 4279 744 4343 ab
764 4279 829 4344 illis
851 4281 1049 4362 uincuntur),
1065 4303 1124 4344 nec
1142 4281 1270 4364 singula
1284 4289 1419 4347 tantum

258 4388 394 4475 siugulis
416 4387 471 4452 sed
496 4385 595 4450 etiam
621 4385 707 4450 trina
729 4385 830 4450 trinis.
887 4387 1034 4471 quocirca
1059 4387 1225 4473 trigonum
1250 4385 1373 4450 Arietis
1398 4411 1420 4454 a
