3074 5092
183 366 220 424 16
558 364 682 425 SILVA
712 361 966 420 MANILIANA.

183 571 363 614 —munera
372 547 621 634 caeli'pendere
634 546 725 610 dixit.
770 567 845 609 nam
863 551 901 608 ut
916 551 1041 608 taceam
1054 543 1095 607 de
1110 540 1344 629 ‘perspicimus

184 653 393 718 descendere'
416 661 462 717 ut·
481 651 568 717 idem
593 651 636 716 sit
659 674 696 715 ac
718 647 1000 715 ‘descensionem'
1022 647 1136 712 durius
1160 646 1254 723 dicto,
1277 667 1344 709 non

185 756 292 841 ipsum
308 757 389 821 illud
408 756 637 821 ‘descendere’
655 755 736 821 caeli
760 777 880 819 munus
898 761 995 817 uocat
1015 762 1121 838 poeta,
1136 752 1192 816 sed
1213 743 1350 816 descenss
1389 762 1392 766 ’

186 862 291 926 dendo
309 885 367 927 nos
388 862 467 927 caeli
487 884 620 925 munere
636 859 805 925 uti'iubet.
853 866 940 922 recte
956 865 1066 922 tamen
1083 857 1246 940 Scaligero
1261 856 1344 920 duce

184 976 306 1051 quantu
335 967 423 1030 idem
453 974 553 1052 atque
584 965 777 1051 ‘quantula’
808 963 909 1050 (quod
945 963 1083 1027 coniecit
1116 961 1344 1046 Rossbergius)

186 1069 367 1154 significare
388 1069 474 1135 dicit.
519 1091 577 1155 pro
598 1056 696 1135 atille
712 1091 750 1134 cu
765 1067 902 1154 reponit,
919 1066 1011 1131 nobis
1026 1088 1104 1130 uero
1119 1065 1222 1151 magis
1238 1065 1345 1151 piacet

186 1191 241 1239 EN.
283 1173 362 1256 quid
385 1175 517 1238 multa?
560 1174 594 1237 in
611 1173 662 1238 his
682 1174 838 1250 uersibus,
855 1172 941 1258 quod
963 1171 1108 1256 Scaliger
1129 1169 1222 1246 uidit,
1243 1168 1344 1233 habes

185 1278 331 1341 membra
351 1277 458 1362 capite
479 1277 624 1341 carentia
644 1277 745 1362 (quod
762 1277 862 1340 etiam
878 1276 959 1339 illud
975 1274 1105 1360 ‘inque'
1120 1293 1342 1360 praegressum

185 1402 254 1445 esse
284 1379 407 1465 aliquid
439 1380 543 1444 simile
573 1382 626 1445 cui
652 1382 822 1445 cohaereat
849 1379 1080 1462 uociferatur);
1118 1376 1219 1441 habes
1245 1383 1345 1460 caput

184 1484 363 1570 proiectum
389 1492 422 1548 et
452 1485 511 1548 uili
542 1507 687 1568 pensum.
744 1485 822 1570 quin
854 1483 1028 1569 aliquando
1059 1482 1192 1547 tandem
1227 1489 1344 1565 poetae

186 1596 312 1652 mortuo
327 1587 435 1651 reddis
447 1588 566 1665 debita,
579 1588 801 1674 coniungendo
814 1587 947 1662 diuolsa,
959 1587 1092 1650 uolnera
1104 1585 1344 1670 componendo?

185 1693 220 1757 id
236 1702 274 1756 ut
289 1693 355 1769 fiat,
373 1715 499 1757 mecum
516 1692 616 1756 uelim
631 1715 689 1777 pro
709 1692 810 1757 noctis
831 1713 966 1775 reponas
986 1691 1021 1755 ia
1040 1707 1157 1754 AsTRIS
1178 1697 1212 1753 et
1229 1709 1344 1752 uersus

185 1797 280 1861 sicin
296 1797 441 1861 ordinem
457 1797 610 1860 reducas:
696 1782 700 1785 ¹

272 1924 352 2010 quid
373 1925 467 1989 iuuat
489 1925 524 1988 in
546 1934 651 1989 semet
673 1946 732 1987 sua
756 1947 813 2008 per
835 1923 981 1987 conuicia
1003 1924 1079 1986 ferri
1277 1921 1342 1987 873

275 2036 309 2093 et
332 2027 481 2092 fraudare
503 2026 596 2091 bonis
619 2049 703 2112 quae
725 2050 784 2091 nec
807 2027 887 2090 deus
909 2025 1037 2089 inuidet
1060 2026 1154 2110 ipse?

273 2152 418 2216 quosque
441 2130 533 2194 dedit
556 2131 686 2195 Natura
708 2130 817 2194 oculos
839 2130 997 2214 deponere
1020 2130 1163 2193 mentis?

273 2235 486 2320 perspicimus
509 2236 653 2314 caelum;
680 2258 738 2299 cur
759 2258 824 2298 non
849 2244 882 2299 et
905 2256 1040 2297 munera
1062 2234 1167 2299 caeli?
1279 2223 1343 2300 876

273 2346 398 2423 quanta
420 2355 466 2401 ΕΝ
489 2360 562 2422 pars
584 2347 733 2424 superest
752 2339 911 2402 rationem
933 2337 1054 2402 discere
1076 2353 1114 2400 ΙΝ
1134 2353 1252 2401 Assius
1278 2341 1345 2401 882

271 2442 370 2526 inque
393 2441 478 2524 ipsos
500 2441 632 2525 penitus
656 2441 770 2504 mundi
792 2439 985 2504 descendere
1008 2462 1122 2504 census
1277 2440 1340 2506 877

275 2545 517 2630 seminibusque
540 2546 607 2609 suis
630 2553 757 2611 tantam
781 2559 969 2629 componere
992 2546 1110 2609 molem

274 2659 307 2713 et
330 2658 460 2735 partum
484 2650 566 2714 caeli
588 2672 646 2713 sua
668 2672 726 2735 per
740 2642 888 2714 ¹nutricia
910 2649 991 2712 ferre

275 2762 523 2839 extremumque
547 2755 640 2838 sequi
662 2762 800 2840 pontum
824 2762 993 2838 terraeque
1016 2752 1123 2817 subire

274 2858 447 2944 pendentis
469 2867 593 2923 tractus
617 2868 651 2924 et
673 2868 742 2924 toto
765 2859 878 2922 uiuere
902 2859 936 2921 in
959 2857 1043 2922 orbe.

274 2965 339 3028 iam
362 2985 524 3048 nusquam
548 2965 677 3029 Natura
700 2964 788 3029 latet.
834 2963 1036 3050 peruidimus
1059 2986 1187 3028 omnem

275 3077 309 3133 et
332 3076 426 3153 capto
449 3068 594 3153 potimur
616 3067 746 3146 mund0‚
768 3079 984 3153 nostrumque
1007 3074 1177 3152 parentem

274 3194 348 3257 pars
371 3194 430 3234 sua
452 3171 665 3256 perspicimus
688 3170 858 3256 genitique
881 3169 1063 3234 accedimus
1086 3168 1204 3236 astris¹.
1280 3174 1347 3236 885

254 3332 291 3377 Ν
307 3317 370 3379 886
386 3335 454 3399 sqq.

252 3435 318 3500 iam
341 3434 489 3519 sequitur
511 3433 599 3497 locus
623 3433 868 3498 uexatissimus:

275 3569 317 3610 an
341 3545 477 3609 dubium
500 3554 550 3608 est
571 3544 719 3609 habitare
742 3545 839 3609 deum
862 3546 924 3610 sub
946 3554 1074 3630 pectore
1097 3553 1206 3611 nostro

276 3652 310 3714 in
333 3650 522 3734 caelumque
546 3647 666 3714 redire²
687 3650 812 3714 animas
834 3651 987 3735 caeloque
1010 3651 1146 3714 uenire?

275 3762 378 3839 utque
401 3753 444 3816 sit
466 3775 506 3815 ex
529 3754 617 3816 omni
641 3761 844 3817 constructus
866 3775 995 3838 corpore
1019 3753 1160 3817 mundus
1204 3808 1206 3812 ,

223 3888 226 3895 ·
275 3856 416 3922 aetheris
439 3864 537 3941 atque
560 3856 646 3943 ignis
670 3857 790 3921 summi
813 3864 983 3942 terraeque
1007 3858 1179 3943 marisque,

275 3960 425 4046 spiritum
449 3969 483 4024 et
506 3969 575 4024 toto
597 3959 708 4045 rapido
730 3982 814 4045 quae
836 3959 924 4024 iussa
945 3960 1113 4044 gubemat‚
1281 3964 1351 4027 890

275 4066 321 4130 sic
343 4086 412 4129 esse
434 4065 469 4127 in
491 4064 584 4128 nobis
608 4073 755 4129 terrenae
778 4088 912 4150 corpora
933 4065 1028 4130 sortis

276 4167 534 4253 sanguineasque
557 4169 681 4232 animas
704 4169 813 4233 animo
835 4170 893 4255 qui
915 4178 1034 4234 cuncta
1056 4169 1218 4254 gubernat

277 4273 508 4357 dispensatque
532 4272 716 4337 hominem?

237 4390 341 4441 lustris
359 4394 461 4442 etcum
479 4393 619 4441 accedimus
636 4391 847 4454 coniungendam
867 4394 893 4441 ot
910 4406 970 4441 oum
989 4395 1084 4454 penita
1113 4393 1145 4441 cf.
1165 4392 1295 4442 adnotata
1317 4394 1355 4444 ad

189 4489 211 4526 11
228 4475 283 4524 5³5.
806 4473 919 4524 2aenire
936 4474 1009 4524 codd.
