3074 5092
574 986 746 1062 olrvr
798 984 849 1060 Π.

449 1189 510 1254 DE
547 1188 679 1256 LOCIS
718 1135 978 1256 CORRVPTIS.

201 1403 214 1450 1
231 1389 402 1452 242-245

264 1509 348 1573 hanc
370 1509 427 1573 ubi
450 1509 490 1574 ad
514 1532 642 1574 occasus
665 1519 790 1576 nostros
813 1511 859 1575 sol
882 1510 998 1596 aspicit
1020 1510 1145 1595 'sortus

265 1613 332 1678 illic
355 1623 426 1678 orta
448 1615 516 1679 dies
539 1616 660 1700 sopitas
682 1616 805 1679 excitat
827 1616 931 1692 urbes,

266 1724 396 1780 etcum
419 1716 491 1781 luce
513 1717 612 1782 refert
635 1740 769 1803 operum
793 1717 981 1782 uadimonia
1003 1717 1107 1796 terris,

265 1843 323 1884 nos
345 1820 378 1885 in
403 1830 497 1886 nocte
520 1844 632 1887 sumus
654 1844 846 1908 somnosque
869 1823 904 1886 in
927 1823 1073 1888 membra
1095 1845 1258 1887 nocemus.

200 1981 331 2044 operum
342 1959 530 2026 uadimonia
541 1961 614 2046 quis
626 1983 783 2046 umquam
795 1959 893 2024 fando
905 1959 1051 2024 audiuit?
1080 1959 1184 2024 scribe
1196 1977 1293 2044 operA

136 2081 184 2128 ΕΤ
195 2064 262 2146 (uel
278 2067 336 2146 Ao)
352 2066 548 2131 uadimonia.
593 2089 677 2151 quae
693 2067 774 2130 benc
789 2066 876 2130 inter
890 2087 924 2130 se
940 2073 1154 2151 opponuntur.
1200 2085 1297 2148 opere

135 2169 223 2233 enim
244 2170 437 2234 rusticorum
458 2179 544 2248 sunt,
565 2172 753 2236 uadimonia
774 2171 978 2236 urbanorum.
1027 2171 1113 2235 color
1131 2170 1193 2233 loci
1215 2168 1295 2232 Ver-

134 2273 275 2358 gilianus
291 2282 349 2353 est,
365 2276 401 2340 cf.
417 2276 498 2342 Aeo.
516 2281 568 2341 ll.
586 2281 648 2341 182
664 2300 709 2363 sq.
725 2277 866 2341 ‘Aurora
885 2276 1010 2340 interea
1032 2275 1157 2339 miseris
1177 2284 1296 2337 morta-

135 2377 222 2442 libus
248 2379 366 2443 almam
387 2377 391 2466 l
412 2380 575 2444 extulerat
604 2381 720 2457 lucem,
745 2380 886 2466 offerens
916 2402 1012 2465 opero
1037 2388 1130 2464 atquc
1157 2375 1296 2442 labores?

135 2482 251 2546 uocula
271 2491 410 2568 utraque
431 2483 466 2546 in
486 2483 648 2548 codicibus
670 2506 767 2548 manu
784 2483 911 2568 scriptis
927 2504 999 2546 cum
1017 2505 1064 2545 -m
1079 2480 1295 2546 confunditur.

136 2586 267 2670 utrique
302 2586 401 2650 errori
436 2608 495 2651 sua
529 2609 625 2651 causa
660 2598 726 2652 est:
764 2587 857 2651 alteri
888 2587 1072 2651 litterarum
1108 2586 1142 2648 M
1171 2595 1205 2649 et
1234 2583 1294 2650 AO

137 2689 316 2754 similitudo
336 2712 417 2774 quas
437 2689 609 2754 minimum
630 2690 750 2755 distare
773 2700 882 2754 monet
902 2690 1128 2754 Lachmannus
1148 2689 1189 2754 ad
1205 2689 1296 2754 Lucr.

137 2798 165 2858 5.
187 2795 258 2872 241,
279 2816 343 2879 quo
359 2793 427 2858 loco
450 2794 582 2858 ‘natiuo
605 2794 659 2859 ao’
676 2816 731 2879 pro
754 2792 931 2858 ‘natiuom’
952 2793 1031 2878 ipse,
1046 2815 1120 2857 cum
1136 2793 1296 2880 Naugerii

137 2919 205 2961 esse
228 2897 359 2974 diceret,
388 2897 541 2983 reposuit,
571 2897 738 2962 Auancius
767 2901 896 2962 ‘natiuo
927 2895 972 2962 et’
1002 2896 1182 2962 coniecerat
1211 2897 1298 2983 quod

137 3002 245 3066 minus
267 3002 374 3087 placet
397 3001 438 3066 ob
461 3002 686 3066 ‘mortalibus'
710 3004 744 3066 in
767 3008 821 3066 ‘ac
847 3000 1019 3066 ortalibus'
1046 3011 1233 3086 corruptum
1262 3003 1298 3065 in

136 3107 299 3172 codicibus
329 3105 385 3190 (ib.
413 3110 441 3172 6.
470 3108 544 3188 10);
582 3106 677 3170 alteri
702 3107 831 3170 litterae
862 3129 893 3170 m
923 3106 1061 3170 uerbum
1089 3107 1297 3171 terminantis

137 3211 258 3296 species
273 3211 313 3276 ul
335 3219 446 3275 notam
467 3233 533 3295 qua
553 3220 582 3276 et
601 3210 802 3296 significatur
822 3211 953 3297 propius
973 3210 1134 3275 accedens.
1180 3210 1239 3274 hoc
1261 3210 1296 3274 in

136 3315 284 3401 Properti
306 3316 375 3380 loco
401 3317 444 3399 (4.
470 3320 519 3382 11.
544 3317 600 3400 21)
623 3316 734 3381 ‘iuxta
761 3316 908 3381 Minoida
934 3314 1064 3392 sellam‚'
1087 3315 1144 3380 ubi
1172 3314 1297 3379 codices

136 3421 256 3505 partim
277 3420 388 3484 ‘sella'
410 3428 577 3505 praestant
597 3442 637 3485 ex
659 3419 774 3484 ‘sellu'
799 3428 915 3497 ortum,
934 3419 1053 3504 partim
1074 3419 1172 3484 ‘sella
1192 3421 1236 3484 ct'
1257 3441 1297 3484 ex

139 3524 269 3603 ‘selle3'
284 3523 553 3588 animaduertisse
570 3523 651 3588 utile
667 3523 719 3588 sit.

203 3678 216 3725 Ι
240 3664 302 3727 269
324 3661 450 3747 duripit
471 3662 684 3739 scribendum,
708 3663 746 3728 cf.
769 3685 808 3727 eo
831 3685 915 3748 quoe
940 3685 960 3726 a
986 3662 1210 3748 Nettleshipio
1233 3662 1297 3727 dis-

136 3777 254 3854 putata
268 3777 345 3833 sunt
362 3769 595 3835 contributione
616 3778 645 3835 to
661 3769 760 3834 Latin
777 3769 1001 3854 leuiooprcplry
1015 3791 1038 3834 s.
1055 3793 1085 3834 u.
1101 3770 1218 3855 deripo.
1264 3777 1298 3833 et

137 3874 182 3939 sic
197 3874 342 3939 derectus
359 3876 486 3951 284,1v
503 3878 575 3941 601.

204 4029 217 4076 1
241 4011 411 4079 469-471

269 4142 440 4228 praecipue
463 4143 569 4207 medio
591 4165 666 4207 cum
689 4142 768 4207 luna
790 4141 983 4228 implebitur
1005 4141 1082 4206 orbe

268 4255 357 4311 certa
378 4247 487 4312 nitent
510 4247 649 4327 mundo;
677 4269 752 4311 cum
774 4247 853 4314 luna
875 4245 1026 4311 conditur
1048 4267 1144 4310 omne
1235 4243 1299 4309 470

269 4351 436 4416 stellarum
461 4350 587 4436 uulgus,
609 4350 742 4438 fugiunt
765 4351 834 4415 sine
857 4350 988 4414 nomine
1010 4349 1110 4434 signu
