3074 5092
184 403 222 462 62
559 396 682 457 SILVA
712 394 971 455 MANJLJANA.

189 590 303 656 vass.
347 593 409 654 uel
430 605 609 652 uersuum
633 588 726 650 fines
749 599 786 648 1v
809 586 852 649 38
868 605 922 670 sq„
946 600 971 648 v
994 585 1058 650 338
1073 605 1137 671 sq:
1161 586 1348 664 1117377,

185 694 259 758 530.

250 820 295 880 de
318 818 489 879 uersibus
510 815 746 890 transpositis
768 810 822 875 adi
844 809 994 876 indicem.

250 955 479 1017 constructio
494 955 591 1014 male
609 954 803 1014 intellecta
823 966 851 1013 11
873 946 945 1026 716,
961 965 1003 1013 111
1019 951 1093 1024 500,
1109 947 1190 1015 637:
1215 951 1347 1027 71471,

184 1057 318 1133 111377,
334 1073 376 1120 rr
387 1056 461 1119 897.

249 1186 488 1260 interpolatio
514 1188 676 1266 quatenus
716 1181 749 1244 in
778 1180 966 1245 Manilianis
989 1180 1153 1246 codicibus
1179 1201 1347 1266 progressa

184 1289 227 1354 sit
245 1287 285 1353 ad
307 1288 442 1373 plenum
460 1284 658 1368 inuestigare
680 1292 773 1348 uetat
791 1286 938 1370 opusculi
958 1285 1055 1350 huius
1072 1285 1217 1350 breuitas
1237 1305 1346 1349 neces·

184 1393 268 1458 saria
285 1391 375 1456 etde
395 1411 548 1455 uersuum
568 1388 700 1474 quidem
719 1388 970 1474 interpolatione
988 1391 1094 1455 multa
1112 1389 1293 1455 dictasunt
1312 1388 1346 1452 in

185 1496 411 1583 superioribus.
457 1503 506 1559 est
533 1493 631 1558 etiam
660 1492 750 1557 aliud
773 1493 935 1579 quoddam
962 1494 1221 1579 interpolationis
1243 1515 1346 1579 genus

186 1624 259 1665 cum
282 1623 403 1677 uersus
427 1599 485 1685 qui
502 1597 637 1684 genuini
658 1620 699 1660 an
721 1597 822 1681 spurii
843 1597 910 1662 sint
935 1598 1018 1662 nihil
1042 1598 1188 1673 interest,
1206 1597 1241 1661 in
1261 1597 1346 1662 locos

186 1705 309 1769 alienos
335 1703 539 1768 transtulerit
566 1701 767 1765 indoctorum
794 1701 964 1764 hominum
991 1702 1061 1765 siue
1091 1702 1229 1766 stolidus
1259 1723 1347 1765 error

186 1809 256 1872 siue
271 1830 373 1892 praua
388 1805 565 1891 refingendi
583 1805 691 1870 libido.
737 1807 781 1871 sic
804 1806 838 1868 in
860 1804 1040 1870 secundum
1056 1805 1175 1870 librum
1190 1805 1346 1890 migrasse

187 1911 278 1975 uides
304 1928 331 1974 11
360 1914 423 1975 232
450 1933 489 1973 ex
516 1916 639 1994 quarto.
685 1933 791 1974 nonne
815 1919 907 1994 patet
929 1914 1048 1974 causa?
1093 1932 1223 1975 uersum
1246 1932 1266 1974 a
1288 1932 1347 1974 sua

187 2016 262 2080 sede
285 2015 432 2079 auolsum
456 2014 604 2077 indoctus
627 2015 744 2099 aliquis
769 2037 842 2079 cum
868 2015 1007 2080 nesciret
1033 2014 1091 2080 ubi
1111 2015 1290 2092 collocaret,
1311 2014 1346 2078 in

186 2119 377 2204 Aquarium,
403 2140 499 2203 quem
526 2117 559 2180 in
588 2139 618 2181 u.
646 2121 707 2182 231
739 2119 840 2183 undas
870 2119 1122 2204 profundentem
1152 2118 1347 2204 dispexerat,

185 2223 328 2288 inuitum
344 2221 490 2286 coniecit.
535 2221 599 2283 iam
617 2242 646 2285 u.
663 2239 690 2285 11
712 2223 775 2287 644
792 2223 1027 2308 ‘contemplere
1046 2223 1152 2287 locum
1171 2222 1346 2307 sedemque

188 2326 362 2412 uagaruin,’
390 2326 563 2390 distractus
589 2349 609 2390 a
637 2350 665 2391 u.
695 2331 755 2392 651
784 2328 904 2393 ‘distat
933 2328 1021 2393 enim
1047 2336 1201 2412 surgatne
1232 2327 1346 2392 eadem

187 2431 345 2495 subeatne
378 2429 532 2507 cadatne‚’
563 2429 647 2494 sicut
678 2430 844 2494 uerissime
874 2430 1034 2495 iudicauit
1064 2431 1244 2509 Bentleius,
1273 2438 1347 2516 post

189 2556 218 2598 u.
236 2536 298 2598 643
315 2532 486 2597 collocatus
504 2541 554 2597 est
572 2531 700 2596 obeam
721 2533 926 2618 potissimum
947 2557 1077 2599 causam
1096 2545 1134 2599 ut
1152 2536 1229 2601 solis
1246 2536 1348 2621 siquis

187 2639 322 2702 haberet
348 2636 408 2699 sibi
436 2637 521 2720 quod
553 2658 591 2699 ex
623 2637 783 2700 contraria
812 2646 904 2722 parte
935 2638 1162 2722 responderet:
1193 2640 1281 2704 idem
1311 2640 1347 2703 in

190 2759 226 2804 lv
244 2743 308 2804 204
323 2762 368 2824 sq.
391 2740 512 2803 factum
536 2761 603 2803 esse
627 2761 725 2824 supra
744 2739 920 2806 docuimus
966 2745 1078 2808 11409
1101 2742 1212 2807 amissi
1234 2765 1348 2808 uersus

190 2843 310 2921 sedem,
326 2853 365 2906 ut
388 2841 530 2917 uidetur,
546 2844 738 2928 occupauit3
761 2843 825 2907 huc
846 2844 902 2930 qui
925 2845 1048 2921 intulit,
1068 2848 1234 2913 contraria
1255 2850 1350 2932 (409)

190 2970 265 3011 cum
281 2948 452 3014 contrariis
466 2948 560 3031 (410)
575 2969 769 3034 congregare
785 2951 899 3015 uoluit.

255 3053 356 3116 uerba
381 3072 510 3136 quoque
536 3051 625 3115 haud
650 3074 716 3116 uno
742 3052 810 3117 loco
837 3053 1034 3139 interpolata
1058 3076 1126 3119 esse
1153 3056 1210 3119 uix
1236 3056 1350 3141 negari

190 3177 282 3242 posse
303 3154 452 3219 uidetur:
482 3154 546 3218 duo
569 3163 700 3219 tantum
723 3157 872 3241 exempla
892 3160 1052 3243 proferam
1073 3180 1227 3223 uersuum
1250 3160 1349 3225 metri

190 3282 287 3324 causa
323 3266 580 3323 attrectatorum.
641 3260 842 3344 apertissime
879 3260 1094 3346 interpolatus
1131 3271 1181 3328 est
1211 3281 1253 3329 111
1285 3263 1346 3330 571

190 3366 321 3450 ‘bisque
351 3386 469 3428 nouem
500 3386 614 3428 nemee
639 3365 763 3429 tribues
789 3366 980 3450 bessemquc
1007 3368 1068 3431 sub
1091 3367 1174 3446 illis‚'
1197 3369 1350 3453 quamuis

191 3470 354 3554 Scaligero
381 3468 580 3552 imposuerit.
625 3468 790 3546 Nemeaeo,
816 3471 933 3535 Leonis
962 3471 1176 3555 compellatio,
1200 3483 1349 3540 constan-

190 3583 241 3639 ter
270 3596 290 3638 a
320 3571 483 3638 codicibus
518 3573 704 3637 Manilianis
736 3574 771 3638 in
804 3597 908 3640 atowe
939 3575 1153 3660 deprauatum
1188 3586 1247 3645 est.
1296 3579 1349 3645 hio

189 3676 351 3763 quispiam
372 3697 447 3740 cum
464 3675 644 3740 claudicare
664 3698 794 3741 uersum
816 3678 1110 3759 animaduertisset,
1129 3704 1290 3762 numeros,
1310 3693 1350 3750 ut

191 3779 292 3857 uides,
318 3777 495 3864 suppleuit.
540 3778 639 3865 uulgo
670 3780 841 3865 corrigitur
864 3781 995 3867 ‘bisque
1021 3805 1150 3861 nouem,
1175 3785 1350 3864 Nemeaeo,

191 3881 316 3950 dubis’:
345 3881 448 3965 possis
474 3881 575 3946 etiam
602 3883 670 3947 ‘bis
699 3902 858 3964 Talarus
886 3886 1060 3965 Nemeaee,
1086 3890 1238 3968 nouem';
1272 3914 1349 3956 nam

191 3988 280 4074 prius
296 4007 355 4073 que
370 3986 503 4049 fortasse
524 4008 563 4049 ex
582 3988 755 4072 superioris
777 4011 890 4053 uersus
911 3990 1006 4056 initio
1021 3991 1173 4077 ‘Tuque’
1189 3991 1224 4056 in
1240 3993 1350 4059 inferi-

192 4113 281 4156 orem
301 4088 403 4153 uenit.
449 4087 565 4152 iamin
582 4105 618 4152 1v
635 4092 696 4154 635
714 4090 810 4155 lectio
826 4091 980 4158 sincerior
994 4116 1146 4160 numeros
1160 4098 1352 4182 pessumdat

188 4201 198 4255 .‘
208 4192 372 4278 Aegyptia
406 4191 529 4276 Cypros
563 4193 712 4276 pulsatus
744 4195 899 4261 fluctibus
932 4198 1054 4275 omnis,'
1088 4199 1286 4287 interpolata
1315 4204 1351 4268 in

191 4299 277 4362 hunc
308 4296 442 4359 modum
472 4297 642 4360 restituere
673 4306 808 4361 conatur
833 4300 1001 4385 ‘pulsatur
1031 4302 1156 4390 prrbs
1186 4306 1352 4396 Aegyptia

187 4401 343 4467 fluctibus
359 4399 480 4465 omnis'
