3074 5092
192 394 230 453 38
564 392 685 454 SILVA
714 391 974 452 MANILIANA.

190 578 303 644 fontis’
319 577 516 664 Propertius,
531 578 687 664 ‘seposita
700 577 793 666 gens'
805 577 967 642 Martialis
981 576 1039 664 qui
1050 577 1171 643 dicitur
1181 577 1216 641 in
1228 583 1355 661 specta·

191 682 336 746 culorum
358 681 477 747 libello.
530 683 571 746 ad
592 682 791 747 sententiam
813 682 1008 747 conferenda
1025 692 1103 748 sunt
1123 704 1208 768 qnae
1228 680 1269 745 de
1291 680 1355 744 hac

191 785 263 869 ipsa
281 807 316 849 re
333 784 490 849 Manilius
510 784 593 849 libro
608 801 632 849 v
647 807 701 849 uu.
719 788 782 851 533
798 807 866 871 sqq.
883 784 968 850 dixit
989 793 1161 871 ‘quaerere
1181 784 1243 850 sub
1258 783 1355 849 terris

191 911 306 953 aurum
322 890 475 980 furtoque
495 890 643 955 latentem
662 887 666 975 Ι
688 897 840 954 naturam
860 889 971 954 rimari
992 890 1169 975 orbemque
1187 888 1355 954 inuertere

190 993 329 1078 praedae
347 991 352 1076 Ι
373 992 513 1077 imperat
524 1000 558 1056 et
568 992 701 1078 glaebas
712 993 800 1057 inter
810 993 1002 1079 deprendere
1014 995 1149 1079 param!
1187 992 1280 1057 cuius
1291 990 1355 1056 loci

191 1096 346 1182 quoniam
361 1095 462 1160 incidi
477 1096 512 1159 in
527 1097 738 1174 mentionem,
754 1098 836 1163 libet
851 1097 1034 1163 adscribere
1054 1121 1159 1184 pauca
1174 1098 1214 1163 de
1229 1096 1355 1182 signifi-

191 1201 319 1266 catione
348 1201 468 1266 rariore
498 1202 650 1267 uocabuli
674 1203 821 1289 praedae
849 1226 934 1289 quae
964 1204 1051 1268 uiros
1081 1204 1193 1268 doctos
1219 1201 1356 1287 aliquos,

190 1305 381 1391 praesertim
397 1327 450 1370 eos
466 1305 523 1391 qui
544 1306 649 1371 lexica
663 1308 879 1385 conscribunt,
894 1308 1027 1373 uidetur
1042 1308 1200 1374 fefellisse.
1245 1327 1354 1391 neque

191 1409 279 1474 enim
302 1432 431 1496 semper
453 1411 493 1476 de
516 1419 611 1497 rapto
633 1412 762 1489 dicitur,
784 1411 951 1478 interdurn
975 1413 1075 1478 etiam
1098 1411 1139 1476 de
1161 1411 1277 1497 rapina
1297 1409 1354 1474 uel

190 1522 329 1600 raptore,
355 1523 394 1580 ut
422 1516 490 1581 fere
519 1516 606 1581 idem
634 1540 670 1582 ac
701 1517 979 1603 ‘praedationem'
1009 1517 1063 1582 uel
1092 1514 1354 1603 ‘praedatorem'

190 1616 360 1704 significet.
404 1619 450 1683 sic
465 1619 638 1685 Lucretius
653 1643 727 1685 curn
749 1621 789 1685 de
811 1621 928 1686 auibus
946 1643 1041 1686 uoces
1056 1620 1163 1685 uarias
1179 1617 1354 1684 edentibus

190 1721 319 1807 scripsit
334 1724 372 1805 (v
389 1724 489 1806 1082)
509 1729 560 1787 ‘et
580 1745 679 1808 quom
700 1722 741 1788 de
763 1723 855 1788 uictu
871 1733 999 1789 certant
1016 1723 1225 1810 praedaeque
1240 1722 1354 1806 (prae-

114 1814 115 1818 ¹
189 1825 331 1911 dataque
346 1827 423 1907 uss)
439 1827 640 1912 repugnant,'
655 1850 838 1914 repugnare
854 1851 932 1893 aues
950 1826 1099 1912 praedari
1114 1849 1148 1891 se
1163 1825 1354 1891 uolentibus

189 1929 296 1994 uoluit
311 1929 474 2016 intellegi3
489 1929 602 2015 itaque
619 1931 703 1994 male
718 1930 775 1995 alii
791 1930 914 1995 hiantis
929 1931 1019 1996 illius
1034 1930 1123 1995 corui
1136 1930 1354 2007 immemores,

185 2034 330 2118 praedae
339 2033 379 2097 de
389 2032 533 2118 piscibus
543 2055 624 2118 quos
634 2033 766 2119 rapiunt
776 2057 853 2099 aues
864 2035 1073 2120 intellegunt,
1081 2034 1138 2099 alii
1147 2032 1242 2120 peius
1251 2032 1353 2097 etiarn

185 2137 314 2223 praeda
328 2135 511 2201 inferciunt.
556 2159 663 2223 neque
673 2138 798 2222 praedo
814 2138 1038 2204 obtrudendas
1054 2146 1103 2203 est
1119 2136 1299 2203 Claudiano
1315 2136 1354 2202 de

189 2239 269 2305 bello
283 2237 448 2304 Gildoaieo
465 2242 506 2304 68
523 2261 568 2324 sq.
582 2238 625 2303 ‘si
638 2239 716 2324 quid
733 2240 867 2305 fortasse
883 2241 1012 2327 potenti
1031 2240 1035 2328 Ι
1057 2241 1111 2306 uel
1126 2240 1231 2327 pudor
1246 2247 1353 2304 extor-

190 2341 234 2407 sit
249 2343 380 2407 domino
397 2341 450 2407 uel
467 2342 596 2428 praeda
610 2343 761 2428 reliquit’
777 2345 856 2429 (quo
872 2345 967 2409 modo
984 2345 1071 2409 enim
1088 2344 1208 2429 praedo
1223 2342 1353 2429 potenti

191 2444 331 2521 domino,
347 2445 407 2508 hoc
423 2452 472 2509 est
488 2444 585 2509 Gildo
607 2445 749 2523 Gildoni,
764 2446 946 2532 relinquere
965 2447 1090 2533 aliquid
1114 2446 1276 2529 dicaturf)
1295 2445 1352 2509 sed

186 2549 315 2635 praeda
330 2548 586 2633 interpretanda,
601 2558 723 2634 aperte,
738 2551 890 2634 quamuis
905 2550 1039 2614 fortasse
1055 2550 1251 2628 duriuscule,
1263 2548 1352 2613 dicta

190 2654 236 2719 ‘si
256 2653 335 2740 quid
356 2661 520 2718 extortum
542 2662 592 2718 est
612 2654 729 2740 pudori
750 2654 899 2719 Gildonis
920 2655 975 2719 uel
996 2678 1015 2719 a
1034 2654 1151 2740 rapina
1170 2653 1241 2718 eius
1259 2653 1352 2718 relic·

191 2757 282 2823 tum)
337 2780 444 2843 neque
464 2758 605 2822 multum
621 2757 751 2823 abludit
766 2758 853 2843 quod
869 2758 954 2822 dixit
969 2758 1121 2822 Tibullus
1137 2760 1165 2824 2.
1182 2761 1210 2823 3.
1229 2761 1270 2822 35
1283 2779 1351 2842 sqq.

191 2865 312 2929 ‘ferrea
337 2885 403 2926 non
428 2863 590 2928 Venerem
615 2863 671 2927 sed
701 2864 854 2949 praedam
881 2864 1009 2928 saecula
1034 2861 1353 2949 laudant31praeda

192 2976 303 3034 tamen
319 2965 433 3031 multis
450 2974 500 3032 est
520 2975 655 3052 operata
675 2967 778 3032 malis.
799 2969 803 3052 Ι
819 2968 948 3053 praeda
967 2968 1052 3032 feras
1066 2967 1152 3032 acies
1167 2967 1272 3032 cinxit
1289 2967 1352 3031 dis·

192 3070 342 3136 cordibus
371 3071 492 3135 armis:
515 3069 616 3158 {hinc
649 3093 750 3148 cruor,
780 3071 856 3135 hinc
888 3071 1003 3136 caedes
1037 3093 1122 3136 mors
1157 3071 1352 3157 propiorque

192 3175 291 3241 venit.
312 3173 461 3261 {praeda
486 3198 570 3261 uago
597 3176 693 3241 iussit
718 3176 884 3262 geminare
910 3177 1055 3263 pericula
1081 3185 1192 3263 ponto,
1209 3173 1215 3262 Ι
1235 3174 1353 3240 belbas

193 3301 267 3344 oum
283 3277 391 3343 dubiis
406 3288 509 3344 rostra
523 3279 618 3344 dedit
633 3280 768 3345 ratibus.
787 3278 792 3366 Ι
808 3280 988 3365 praedator
1001 3279 1093 3365 cupit
1108 3279 1284 3343 immensos
1296 3277 1352 3342 ob

192 3385 297 3449 sidere
316 3405 455 3468 campos,
477 3381 481 3469 Ι
501 3393 539 3448 ut
560 3384 665 3448 multa
680 3385 853 3448 innumera
867 3384 981 3470 iugera
995 3393 1106 3470 pascat
1122 3384 1200 3448 oue’
1219 3406 1296 3448 nam
1312 3382 1353 3447 de

192 3487 354 3575 spoliandi
374 3488 527 3573 cupidine
549 3488 655 3575 magis
675 3512 774 3575 quarn
796 3489 836 3553 de
857 3490 936 3574 ipsis
954 3488 1065 3576 spoliis
1079 3488 1158 3555 facit
1172 3488 1352 3553 orationem

192 3600 298 3679 poeta.
346 3593 485 3677 spoliem
515 3616 644 3680 quoque
674 3594 758 3658 locos
788 3593 1060 3679 perpensantibus
1091 3592 1252 3657 attentius
1283 3592 1352 3656 uim

192 3697 358 3762 interdum
388 3697 552 3762 uerbalem
579 3720 619 3762 ex
649 3698 810 3763 scribendi
839 3698 1003 3764 breuitate
1029 3697 1162 3762 uidetur
1189 3696 1352 3777 nancisci3

194 3819 222 3865 11
246 3805 288 3866 :32
314 3801 463 3887 ‘ictuque
486 3824 604 3888 nepam
630 3801 796 3888 spolioque
819 3802 944 3867 leonem
964 3801 968 3889 Ι
990 3810 1024 3867 et
1050 3824 1158 3867 morsu
1182 3797 1353 3866 cancrum'

193 3906 322 3991 passiue
336 3912 388 3970 ‘eo
403 3906 489 3991 quod
504 3906 661 3992 spoliatus
676 3907 744 3983 est’,
759 3923 798 3971 lv
814 3904 876 3972 179
894 3906 1012 3991 ‘spolio
1027 3905 1115 3970 uiuit
1130 3926 1349 3990 pecorumque

193 4009 348 4096 rapinis¹.'

259 4124 385 4187 1v298.

324 4246 424 4310 quarn
445 4232 572 4309 partem
595 4225 713 4290 Graiae
735 4225 846 4290 dixere
870 4225 1005 4290 decania
1025 4234 1148 4310 gentes.

243 4360 251 4392 ¹
270 4374 353 4421 neque
364 4358 469 4422 propria
480 4359 658 4409 Romanorum
669 4359 733 4410 haee
748 4361 858 4423 locuti03
876 4361 964 4410 confer
975 4359 1102 4410 Herodoti
1113 4363 1155 4421 ζῆν
1171 4362 1220 4410 ἀπὸ
1232 4362 1302 4421 ληίης
1313 4363 1354 4411 καὶ

194 4443 302 4502 πολέμου
315 4441 348 4504 Ι4.
362 4439 418 4504 103)
431 4442 457 4488 ot
468 4439 594 4489 nostratis
607 4439 747 4504 Shaksperi
756 4443 822 4504 spoil
832 4444 899 4491 Han.
911 4456 928 4490 r
939 4444 962 4491 3.
975 4443 999 4491 3.
1012 4442 1052 4502 25,
1068 4444 1140 4492 Gaea.
1153 4457 1177 4491 v.
1190 4444 1214 4492 3.
1227 4443 1251 4493 7.
