3074 5092
185 369 222 427 12
557 368 680 432 SILVA
710 371 966 430 MANILIANA.

196 630 199 635 ι
249 568 287 616 1v
303 555 365 616 243
382 575 449 639 sqq.

248 685 301 751 hic
322 687 356 751 in
379 711 409 752 u.
432 691 494 752 248
513 711 579 774 sqq.
607 689 777 753 Bentleius
799 689 1000 774 Scaligerunr
1022 689 1232 753 festinantius
1255 710 1343 752 secu·

183 799 246 866 tus,
273 813 346 854 cum
371 791 412 855 ad
439 792 635 878 alchymiam
662 814 760 877 quam
787 799 906 855 uocant
930 802 1076 876 spectare
1099 792 1299 877 sumpsisset,
1325 814 1345 855 a

186 894 320 958 Manilio
346 895 447 958 talem
473 918 536 959 non
563 918 633 960 esse
658 895 753 960 facile
777 895 1010 979 comprobauit.
1056 896 1116 960 hoc
1139 896 1227 959 enim
1251 894 1344 980 quasi

184 1005 282 1082 caput
318 1006 376 1074 est,
407 1007 515 1062 cetera
546 999 672 1062 minora
701 999 869 1084 recisoque
899 998 954 1063 illo
985 1007 1019 1063 et
1049 999 1120 1083 ipsa
1150 1000 1185 1063 111
1221 1021 1344 1063 uanum

184 1101 338 1167 recident.
383 1102 423 1166 ad
446 1103 557 1167 omnia
581 1104 728 1169 breuiter
751 1104 962 1190 respondebo.
1007 1113 1173 1169 auctorem
1197 1113 1344 1168 nostrum

184 1227 364 1291 numquam
385 1227 515 1272 44111414
534 1216 567 1271 41
586 1208 751 1292 duplicari
769 1208 917 1273 actiuum
935 1216 969 1272 et
993 1209 1160 1292 passiuum
1182 1208 1227 1272 sic
1247 1207 1344 1272 simul

183 1307 432 1373 coniuncturum
463 1308 562 1373 fuisse
595 1309 719 1373 dicunt.
765 1309 821 1374 sed
852 1332 893 1374 ne
924 1310 978 1373 hic
1004 1310 1139 1394 quidem
1166 1308 1345 1374 coniunxit.

184 1412 324 1506 abrupta
344 1412 476 1476 uidetur
498 1414 673 1478 sententia.
717 1414 920 1499 abruperunt
941 1413 1072 1478 librarii
1112 1414 1192 1499 quid
1214 1414 1345 1477 multa?
1465 1429 1470 1439 '

186 1518 320 1582 ueritati
335 1519 481 1604 proxime
496 1518 566 1605 ipse
579 1519 750 1583 Bentleius
767 1543 795 1584 u.
807 1522 870 1584 248
886 1527 959 1604 post
975 1542 1005 1583 u.
1023 1521 1085 1583 249
1102 1518 1347 1604 transponebat,

186 1622 337 1707 quamuis
355 1623 468 1687 “velut
490 1645 529 1686 ex
551 1623 763 1708 alchymistae
782 1625 876 1688 furno
897 1623 990 1708 quasi
1014 1630 1178 1686 recoctum
1201 1631 1240 1685 ut
1263 1644 1346 1706 pene

186 1727 270 1791 alius
285 1727 477 1792 vide1·etur.''
522 1730 645 1793 recoxit
660 1728 747 1792 enim
766 1736 804 1792 ut
821 1728 937 1792 Medea
953 1726 1088 1805 Peliam,
1103 1749 1177 1790 cum
1195 1727 1240 1791 sic
1256 1727 1347 1790 exhi-

186 1831 260 1897 buit
275 1833 529 1916 ‘materiamque
544 1833 657 1897 rudem
672 1855 747 1897 cara
765 1814 975 1916 duplicaverit
994 1830 1082 1895 arte!
1128 1829 1217 1894 locus
1233 1830 1349 1894 leniori

187 1935 369 2001 medicinae
384 1937 501 2001 melius
516 1937 734 2023 respondebit,
751 1945 950 2021 senatusque
966 1935 1012 1999 sic
1026 1935 1188 2020 prodibit:

275 2083 376 2147 Vesta
404 2093 486 2160 tuos,
508 2083 712 2169 Capricorne,
730 2085 821 2148 fouet
848 2082 1071 2168 penetralibus
1095 2083 1196 2167 ignes.
1286 2085 1350 2147 243

275 2185 351 2250 111114
373 2197 458 2251 41144
482 2188 700 2274 studiumque
716 2187 835 2266 trahit;
858 2209 933 2250 uam
957 2186 1112 2272 quicquid
1136 2187 1169 2249 in
1193 2208 1270 2250 usus

275 2290 360 2376 ignis
382 2301 458 2378 eget
481 2293 649 2378 poscitque
676 2315 777 2357 nouas
802 2293 842 2356 ad
869 2314 1005 2356 munera
1023 2292 1179 2368 flammas

276 2396 337 2460 sub
361 2405 395 2461 te
420 2397 617 2461 censendum
646 2408 713 2462 est:
741 2396 877 2461 scrutari
901 2419 995 2461 caeca
1019 2397 1153 2460 metalla

276 2500 439 2586 depositas
462 2509 495 2565 et
522 2524 599 2586 opes
622 2510 808 2587 terramque
831 2524 965 2566 exurere
988 2502 1082 2566 uenis
1094 2524 1101 2580 ;
1285 2498 1348 2567 247

275 2606 430 2692 quicquid
453 2614 487 2670 et
508 2614 643 2690 argento
665 2607 841 2671 fabricetur
863 2605 1019 2692 quicquid
1042 2614 1075 2669 et
1098 2626 1176 2668 auro
1286 2605 1348 2667 249

276 2709 512 2795 materiamque
534 2732 634 2773 manu
657 2718 747 2774 certa
770 2709 952 2794 duplicariT
976 2716 1009 2771 et
1032 2715 1110 2783 arte,
1287 2708 1350 2769 248

276 2813 362 2899 quod
385 2814 505 2877 ferrum
529 2813 625 2876 calidi
648 2813 777 2878 soluant
801 2823 900 2898 atque
924 2834 999 2876 aera
1021 2810 1140 2875 camini

278 2925 568 3002 consummentque
591 2915 652 2980 foci
676 2914 836 2993 Cererem,
859 2925 918 2979 tua
940 2936 1076 2978 munera
1098 2921 1239 3000 surgent.

256 3070 297 3134 de
312 3070 477 3134 sententia
492 3070 686 3134 conferenda
701 3078 779 3134 sunt
795 3091 879 3154 quae
900 3068 984 3133 dixit
1000 3091 1053 3132 uu.
1070 3084 1094 3131 v
1112 3065 1172 3131 507
1190 3089 1266 3152 sqq,
1282 3066 1350 3131 loco

192 3198 212 3239 a
241 3174 391 3239 Bentleio
430 3173 540 3237 adlato
572 3174 729 3238 ‘artifices
764 3175 836 3238 auri
867 3173 964 3237 faciet
996 3173 1052 3258 qui
1087 3171 1175 3236 mille
1209 3171 1321 3256 figuris
1347 3170 1351 3257 l

191 3287 317 3343 uertere
334 3301 414 3364 opus
430 3280 554 3363 possint
570 3302 727 3365 caraeque
743 3278 914 3364 adquirere
930 3278 1039 3342 dotem
1059 3275 1064 3362 l
1085 3275 1259 3341 materiae’

259 3448 298 3496 1v
315 3435 376 3498 266
393 3453 460 3517 sqq.

257 3593 287 3634 u.
305 3573 367 3635 269
389 3569 429 3633 ad
446 3592 476 3634 u.
493 3572 555 3635 266
575 3576 722 3654 spectare
737 3568 803 3633 iam
827 3569 971 3654 Scaliger
989 3567 1164 3653 perspexit,
1180 3589 1254 3631 cum
1275 3565 1354 3632 huic

193 3676 286 3740 illurn
308 3683 538 3760 praeponeret:
566 3675 697 3739 mallem
718 3675 805 3738 hunc
825 3674 883 3751 illi,
906 3697 946 3738 ne
973 3674 1042 3737 sine
1067 3674 1136 3737 ulla
1161 3671 1356 3736 necessitate

195 3780 373 3866 fingeretur
396 3778 552 3842 Manilius
577 3778 617 3842 de
640 3778 765 3842 artibus
788 3800 868 3861 quas
898 3779 988 3842 fouet
1013 3776 1175 3863 Aquarius
1211 3775 1356 3860 primum

195 3883 385 3968 singillatim
406 3883 474 3966 (uu.
496 3883 692 3965 260-265),
708 3881 826 3945 (14111114
846 3880 1028 3966 generatim
1050 3881 1118 3963 (uu.
1141 3882 1202 3944 266
1224 3881 1356 3962 41269)

194 3989 321 4065 dixisse,
342 4011 417 4052 mox
441 4010 551 4052 rursus
577 3987 619 4051 ad
643 3987 787 4072 singulas
810 3984 897 4068 (267,
921 3985 997 4067 268)
1022 3983 1201 4048 recurrisse.
1245 3983 1356 4067 ipsum

194 4117 223 4157 u.
242 4096 313 4169 269,
328 4092 433 4179 qualis
448 4092 581 4179 quidem
597 4092 631 4155 in
644 4091 807 4156 codicibus
823 4090 973 4166 traditur,
989 4090 1139 4174 ineptum
1156 4096 1190 4151 et
1206 4085 1357 4172 spurium

195 4197 344 4262 Bentleio
357 4197 463 4262 uisum
480 4219 548 4261 esse
564 4195 652 4260 haud
668 4195 820 4279 equidem
838 4194 944 4272 miror,
961 4195 1066 4257 multo
1083 4193 1186 4279 magis
1202 4215 1222 4256 a
1237 4191 1357 4256 ceteris

192 4300 371 4365 editoribus
394 4322 486 4384 posse
512 4321 589 4364 eum
615 4296 779 4383 concoqui.
822 4297 905 4361 illud
928 4318 1008 4381 quae
1032 4318 1131 4380 quam
1158 4294 1354 4359 inconcinne

193 4404 336 4469 dictuml
359 4412 445 4468 artes
468 4403 520 4466 hic
541 4402 660 4467 habere
684 4413 830 4487 putasses
843 4422 850 4480 ;
881 4422 954 4465 ecce
978 4410 1048 4464 rota
1078 4407 1226 4464 currente
1250 4420 1353 4484 opero
