3074 5092
563 363 683 426 SILVA
714 362 972 424 MANILIANA.
1311 361 1347 420 41

191 570 257 612 non
277 549 401 635 ‘pratia
425 551 482 633 (ne
502 550 606 616 dicam
628 551 669 616 de
691 551 749 614 illa
771 549 974 635 quorundam
998 547 1143 613 codicum
1170 547 1353 633 corruptela

188 652 313 738 precio)
332 653 463 719 Troiani
483 654 579 720 belli’
602 655 657 719 sed
678 654 804 741 phorio
828 663 906 719 erat.
952 654 1031 717 haec
1054 652 1155 716 uerba
1181 674 1239 737 per
1265 674 1351 716 com-

191 756 347 840 pendium
374 758 494 844 scripta
519 769 641 824 temere
665 759 752 823 inter
778 781 811 823 se
838 757 992 822 confundi
1018 758 1058 820 ad
1086 755 1193 819 locum
1215 755 1352 820 adnotat

191 861 367 927 Bentleius
427 863 538 949 itaque
568 864 774 929 scribendum
805 870 857 927 ‘et
887 885 962 949 rege
1000 861 1055 925 uel
1093 882 1158 924 uno
1176 858 1181 946 Ι
1202 859 1352 946 princeps

191 964 287 1031 Pella
302 964 427 1043 domus
442 966 573 1032 Troiani
588 984 719 1032 GLORIA
734 967 812 1032 belli
832 967 836 1052 Ι
857 966 1041 1033 Thessalia?

256 1092 332 1133 mox
356 1070 390 1135 in
415 1093 445 1134 u.
471 1074 535 1137 690
559 1072 728 1158 clauoque
749 1071 833 1157 ripis
852 1071 970 1157 Illyris
991 1093 1089 1156 quarn
1118 1068 1259 1134 maxime
1281 1069 1351 1133 lan-

189 1194 289 1260 guere
310 1196 412 1259 paene
433 1197 544 1240 omnes
565 1175 781 1241 consentiunt.
826 1197 909 1260 quac
927 1174 1076 1260 propriae
1091 1174 1213 1238 fuerint
1228 1173 1351 1259 Illyrici

156 1361 158 1367 Ι
190 1276 311 1355 laudea
333 1277 507 1363 diligenter
529 1278 750 1343 scrutantibus
772 1278 859 1342 haud
886 1279 920 1342 in
946 1287 1099 1365 promptu
1123 1287 1172 1343 est
1194 1277 1350 1342 inuenire.

190 1381 328 1466 scopulis
342 1390 453 1446 tamen
468 1382 635 1447 altissimis
651 1382 720 1446 eius
736 1404 810 1446 orae
825 1382 945 1446 circum
963 1382 1109 1446 munitae
1123 1390 1209 1446 sunt.
1240 1382 1350 1466 itaque

189 1484 279 1549 haud
308 1486 373 1551 scio
403 1509 445 1551 an
474 1486 697 1573 reponendum
728 1487 772 1552 sit
795 1504 1025 1572 memorique
1054 1504 1153 1551 rVPls
1180 1509 1254 1551 oum
1285 1486 1348 1551 ele-

188 1588 281 1674 ganti
304 1588 359 1653 illo
381 1590 560 1655 accusatiui
583 1613 645 1655 usu
668 1612 765 1676 quern
789 1590 1028 1654 adamauerunt
1049 1598 1173 1675 poetae.
1218 1589 1349 1675 ‘rupes’

189 1690 268 1756 alibi
283 1715 412 1778 quoque
428 1715 502 1757 curu
519 1693 623 1779 ‘ripa'
639 1702 867 1758 commutatur.
908 1694 948 1758 de
964 1692 1100 1777 rupibus
1118 1693 1347 1778 montibusque

189 1795 312 1882 Illyrici
327 1798 514 1862 conferendi
529 1807 614 1875 sunt,
630 1800 657 1863 si
673 1799 759 1864 tanti
779 1808 839 1876 est,
859 1799 1011 1862 Lucanus
1032 1816 1070 1861 Ν
1091 1801 1154 1864 452
1178 1799 1285 1885 ‘rupis
1305 1799 1346 1863 ab

189 1898 338 1986 Illyricae
361 1901 517 1987 scopulis‚’
534 1902 698 1966 Ausonius
717 1903 757 1968 dc
776 1903 874 1969 oloris
888 1903 1019 1968 urbibus
1034 1901 1063 1966 7.
1079 1906 1098 1966 3
1115 1903 1190 1982 alii3
1212 1904 1347 1968 fortasse

189 2002 290 2067 etiam
315 2003 382 2088 ipse
404 2003 560 2069 Manilius
580 2005 608 2068 si
628 2004 780 2070 Ellisium
804 2004 955 2069 audimus
980 2005 1013 2068 in
1041 2021 1078 2068 Ν
1104 2008 1167 2070 610
1188 2005 1348 2069 ‘uallum’

188 2107 402 2172 conicientem
417 2108 456 2173 N
453 2118 507 2175 oct.
524 2108 612 2175 Mau.
630 2131 659 2195 p.
677 2108 749 2175 137.

255 2256 294 2304 Ν
318 2237 489 2306 701-710

319 2376 357 2418 ac
378 2353 472 2419 uelut
495 2353 638 2419 humana
661 2363 711 2419 est
733 2354 834 2440 signis
856 2353 1017 2439 descripta
1038 2354 1142 2440 figura

320 2465 353 2520 et
375 2479 573 2543 quamquam
596 2457 778 2522 communis
800 2465 855 2522 eat
877 2457 984 2521 tutela
1006 2480 1063 2543 per
1085 2479 1180 2521 omne

320 2584 444 2648 corpus,
467 2572 501 2626 et
524 2563 558 2627 in
583 2563 748 2648 proprium
772 2561 909 2627 diuersis
932 2563 1068 2627 artubus
1090 2563 1160 2627 exit

320 2668 473 2753 (namque
496 2667 591 2732 Aries
613 2667 723 2755 capiti,
745 2667 872 2732 Taurus
894 2667 1076 2731 ceruicibus
1097 2667 1219 2743 haeret,

319 2770 450 2836 brachia
471 2771 532 2835 sub
555 2770 702 2836 Geminis
725 2780 907 2848 censentur,
929 2779 1059 2856 pectora
1083 2768 1217 2847 Cancro,
1284 2769 1346 2834 705

318 2883 351 2940 te
373 2876 535 2962 scapulae,
557 2875 733 2953 Nemeaee,
756 2885 875 2940 uocant
898 2884 1001 2961 teque*
1021 2875 1086 2953 ilia,
1109 2876 1219 2962 Virgo,

319 2978 417 3044 Libra
438 2979 517 3044 colit
538 2979 650 3044 clunes
673 2987 707 3044 ct
730 2979 884 3064 Scorpius
906 2979 1041 3064 inguine
1064 2987 1189 3066 regnat,

320 3093 353 3149 ct
374 3086 497 3150 semina
519 3085 723 3161 Arcitenens,
743 3107 851 3170 genua
874 3093 908 3149 et
932 3084 1146 3169 Capricornus
1169 3084 1294 3149 amauit

318 3209 476 3274 cruraque
498 3187 644 3252 defendit
666 3186 810 3263 quenis,
833 3186 976 3274 uestigia
999 3187 1121 3269 Pisces)

318 3290 365 3356 sic
385 3291 466 3357 alias
487 3292 577 3357 aliud
600 3301 701 3356 terras
723 3293 786 3357 sibi
808 3293 954 3357 uindicat
977 3302 1109 3357 astrum.
1285 3290 1348 3357 710

254 3420 368 3484 horum
389 3442 544 3484 uersuum
565 3442 706 3484 conexus
726 3420 810 3485 male
830 3421 1018 3485 intellectus
1039 3422 1115 3485 fecit
1131 3429 1169 3485 ut
1186 3420 1218 3484 in
1238 3443 1267 3484 u
1284 3420 1348 3485 703

187 3525 363 3589 molestum
382 3524 463 3589 illud
483 3533 513 3591 et
533 3525 660 3589 tamdiu
682 3534 838 3590 seruetur.
883 3525 1026 3610 primum
1044 3525 1075 3590 ei
1090 3525 1177 3611 quod
1196 3533 1246 3588 est
1262 3525 1348 3590 uelut

186 3628 281 3713 (701)
295 3629 469 3715 respondet
489 3627 527 3696 τὸ
547 3629 592 3696 ric
613 3629 648 3693 in
663 3652 693 3693 u.
710 3628 775 3696 710
781 3652 789 3708 ;
811 3629 930 3693 deinde
945 3631 1009 3694 ista
1025 3638 1069 3696 est
1090 3629 1250 3716 descripto
1265 3629 1347 3713 (dla-

186 3734 293 3820 crr'ptc
314 3734 383 3799 sine
401 3734 501 3799 dubio
519 3734 740 3817 scribendum)
762 3743 796 3799 et
814 3735 877 3799 ecit
896 3733 1066 3820 coniungit
1088 3733 1172 3798 illud
1192 3742 1228 3813 et,
1245 3756 1343 3819 aquo

187 3838 303 3924 incipit
325 3861 356 3904 u.
382 3836 455 3914 702,
480 3847 519 3904 ut
541 3839 612 3903 luce
636 3839 754 3903 clarius
780 3839 823 3903 sit
849 3861 905 3923 pro
931 3840 1033 3903 altero
1058 3848 1086 3905 et
1109 3837 1206 3903 scribi
1228 3837 1346 3903 debere

187 3961 253 4023 ΑΒ
279 3943 363 4029 quod
385 3943 432 4030 τῷ
455 3944 686 4030 ‘quamquam'
708 3943 829 4028 optime
856 3943 1071 4028 respondebit.
1117 3944 1229 4007 eodem
1253 3943 1348 4007 modo

187 4056 261 4134 post
282 4048 341 4113 etsi
365 4047 573 4133 subsequitur
595 4048 709 4112 eadem
735 4047 896 4133 particula
919 4048 983 4112 Cic.
1008 4047 1047 4113 de
1069 4070 1113 4112 or.
1135 4064 1177 4110 111
1200 4049 1249 4123 14,
1273 4046 1346 4112 Tac.

188 4149 266 4216 dial.
284 4153 333 4216 19.

252 4297 292 4345 Ν
314 4278 377 4346 726
393 4304 438 4367 sq.

338 4392 403 4457 iam
426 4393 556 4478 propior
578 4393 740 4480 tellusque
763 4405 880 4459 natans
902 4392 1068 4479 Aegyptia
1092 4391 1171 4454 Nilo

339 4495 444 4560 lenius
467 4496 595 4582 irriguis
617 4497 758 4561 infuscat
780 4519 911 4582 corpora
933 4495 1056 4582 campis
