3074 5092
257 376 295 434 18
628 373 749 434 SILVA
780 370 1038 431 MANILIANA.

257 562 379 627 mundo
393 569 429 627 et
443 561 476 625 in
493 559 624 624 homine
640 581 743 644 aeque
759 557 924 644 adpareat.
969 556 1058 622 Sext.
1075 556 1175 622 Mart.
1193 574 1232 621 lx
1249 560 1312 622 120
1329 554 1419 622 ὥστε

258 667 332 734 ἐπεὶ
353 666 410 733 καὶ
431 665 448 732 ὁ
468 664 593 750 κόσμος
609 661 674 730 ὑπὸ
695 663 826 748 φύσεως
846 660 1017 727 διοικεῖται
1032 658 1220 748 πολυμερὴς
1236 657 1418 739 καθεστώς,

257 771 306 851 εἴη
328 770 421 836 ἄντι
447 770 481 835 ἐν
503 768 593 857 αὐτῷ
618 765 660 834 τὸ
691 769 868 853 κυριεῦον
892 765 949 831 καὶ
977 765 1016 831 τὸ
1045 765 1418 854 προκαταρχόμενον

257 877 323 939 τῶν
339 873 506 956 κινήσεων,
522 875 653 938 Nemes,
669 871 708 936 de
722 871 760 936 Ν
758 879 799 936 ot.
816 870 912 936 Hom.
929 892 959 954 p.
977 873 1018 934 96
1043 868 1155 947 Ζήνων
1176 868 1211 934 δὲ
1232 867 1249 935 ὁ
1271 868 1418 939 Στωικὸς

258 977 422 1064 ὀκταμερῆ
453 983 558 1064 φησιν
587 975 671 1042 εἶναι
698 976 758 1056 τὴν
781 975 912 1061 ψυχήν,
939 972 1073 1057 διαιρῶν
1099 973 1202 1055 αὐτὴν
1232 973 1278 1046 εἴς
1307 1000 1343 1041 τε
1373 972 1416 1039 τὸ

258 1078 485 1166 ἡγεμονικὸν
504 1079 560 1146 καὶ
581 1080 702 1150 εἰςτὰς
724 1078 822 1145 πέντε
845 1078 1017 1160 αἰσθήσεις
1039 1077 1095 1143 καὶ
1115 1078 1162 1148 εἰς
1177 1075 1215 1143 τὸ
1231 1076 1419 1165 φωνητικὸν

259 1183 314 1250 καὶ
345 1182 383 1249 τὸ
413 1181 647 1271 σπερματικόν,
678 1183 769 1248 Sext.
795 1181 898 1246 Mart.
924 1199 976 1245 vn
1008 1184 1071 1246 234·
1098 1180 1186 1267 φασὶ
1207 1181 1271 1265 ’γὰρ
1296 1181 1419 1270 ψυχὴν

258 1284 421 1369 λεἰγεσθαι
442 1285 558 1375 διχῶς
581 1286 622 1351 τό
645 1312 685 1350 τε
706 1282 872 1369 συνέχον
891 1281 960 1363 τὴν
981 1280 1076 1364 ὅλην
1099 1283 1260 1367 σύγκισιν
1275 1284 1328 1350 καὶ
1344 1281 1418 1350 κατ’

261 1390 347 1458 ἰδίαν
377 1390 418 1457 τὸ
443 1388 681 1474 ἡγεμονικόν,
710 1388 803 1473 Diog.
831 1388 939 1453 Laert.
963 1404 1015 1451 V11
1043 1391 1105 1454 159
1130 1385 1359 1471 ἡγεμονικὸν
1385 1387 1421 1455 δὲ

261 1494 345 1560 εἶναι
365 1494 403 1560 τὸ
424 1493 627 1582 κυριώτατον
641 1493 700 1573 τῆς
714 1493 831 1579 ψυχῆς
847 1491 882 1557 ἐν
898 1489 924 1578 ᾦ
940 1490 1175 1578 αἱφαντασίαι
1190 1492 1246 1557 καὶ
1267 1491 1305 1557 αἱ
1320 1489 1419 1573 ὁρμαὶ

260 1598 411 1683 «γίνονται
434 1597 489 1664 καὶ
510 1594 584 1662 ὅθεν
600 1593 616 1660 ὁ
632 1594 732 1677 λόγος
748 1593 990 1674 ἀναπέμπεται.
1024 1595 1150 1660 Stoicos
1169 1595 1271 1682 igitur
1289 1603 1423 1660 secutus

261 1711 358 1786 poeta
388 1700 441 1764 hio
466 1699 612 1764 animum
639 1698 691 1782 (τὸ
713 1696 911 1780 ἡγεμονικὸν
935 1701 991 1775 τῆς
1015 1701 1132 1784 ψυχῆς
1154 1700 1210 1763 uel
1234 1700 1333 1764 etiam
1361 1696 1422 1776 τὴν

262 1806 479 1890 κνβερνῶσαν
496 1811 533 1866 ut
544 1825 564 1866 α
580 1801 623 1866 M.
634 1801 769 1865 Aurelio
781 1809 926 1878 uocatur,
942 1819 995 1865 VH
1012 1805 1062 1879 64,
1075 1804 1130 1867 uel
1145 1801 1182 1868 τὸ
1197 1805 1348 1885 κυριεῧον
1364 1802 1423 1868 καὶ

261 1910 405 1993 κρατοῦν
426 1909 484 1986 τῆς
499 1909 617 1993 ψυχῆς
631 1904 737 1991 μέρος,
753 1915 790 1969 ut
806 1927 825 1968 α
841 1904 1024 1990 Chrysippo
1039 1927 1090 1990 ap.
1107 1906 1269 1970 Galenum
1285 1905 1324 1971 de
1333 1907 1422 1991 pluo.

262 2011 366 2097 Hipp.
380 2011 502 2076 etPlut.
516 2027 538 2072 v
551 2012 614 2073 328
628 2009 684 2091 K.)
695 2008 737 2072 nb
753 2010 865 2072 αιιινιια
879 2009 1005 2094 reliqua
1016 2010 1169 2091 secernit3
1189 2010 1265 2088 dux,
1278 2019 1317 2075 ut
1329 2010 1423 2075 uide-

263 2125 325 2192 tur,
337 2115 571 2191 Lucretius,111
585 2118 646 2179 116
661 2136 727 2200 sqq.
740 2114 877 2178 conlatis
889 2137 963 2178 oum
977 2118 1040 2178 280
1052 2137 1118 2201 sqq.
1131 2115 1189 2178 ubi
1204 2115 1260 2179 ille
1275 2115 1426 2200 loquitur

262 2204 303 2284 de
330 2218 593 2302 α’κατονομιίστῳ
624 2218 689 2294 illo,
713 2225 752 2281 ut
779 2218 912 2303 Epicuri
937 2220 1037 2283 uerbo
1063 2227 1144 2295 utar,
1171 2219 1258 2284 unde
1288 2219 1423 2284 initium

263 2331 371 2388 motus
383 2322 518 2408 singulis
528 2323 655 2386 animae
665 2322 869 2407 corporisque
882 2323 1037 2386 membris
1048 2322 1117 2386 didi
1127 2323 1302 2389 contendit.
1337 2323 1427 2388 hano

264 2428 407 2491 animam
425 2423 662 2510 ‘sanguineam'
683 2446 752 2488 esse
776 2425 873 2501 canit,
894 2424 980 2510 quod
1006 2437 1040 2490 et
1062 2426 1169 2511 ipsum
1194 2449 1212 2490 e
1239 2426 1426 2491 Stoicorum

264 2531 411 2594 doctrina
433 2528 571 2612 sumpsit
593 2549 667 2590 enm
691 2527 867 2613 Chrysippi
890 2532 1059 2594 decretum
1083 2538 1168 2594 esset
1192 2529 1266 2614 [τὴν
1288 2531 1427 2618 ψυχὴν]

264 2633 478 2722 τρέφεσθαι
507 2631 573 2715 μὲν
604 2632 645 2714 ἐξ
670 2631 833 2715 αἵματος
864 2633 982 2699 οὐσίαν
1009 2631 1044 2698 δὲ
1068 2633 1167 2713 αὐτῆς
1194 2632 1360 2722 ὑπάρχειν
1386 2636 1429 2700 τὸ

265 2743 396 2822 πνεῦμα
416 2747 500 2801 teste
520 2737 644 2801 Gelono
658 2738 745 2822 pluo.
764 2737 867 2824 Hipp.
886 2748 915 2804 ot
935 2739 1021 2804 Plau.
1038 2757 1066 2803 11
1087 2745 1107 2804 8
1129 2741 1167 2823 (v
1186 2743 1249 2804 283
1266 2740 1329 2823 K).
1349 2762 1428 2806 oon·

265 2843 417 2908 ferendus
439 2863 568 2926 quoque
589 2842 633 2906 M.
654 2840 808 2905 Aurelius
828 2859 851 2904 V
873 2845 914 2906 33
934 2842 1014 2907 αὐτὸ
1034 2842 1069 2908 δὲ
1091 2841 1128 2907 τὸ
1148 2844 1319 2931 ψυχάριον
1338 2843 1429 2909 ἀνα·

267 2946 448 3026 θνμίασις
469 2943 531 3029 ἀφ’
559 2942 721 3026 αἵματος
745 2944 843 3028 (adde
868 2961 907 3008 Vl
934 2947 990 3029 15)
1012 2956 1046 3010 et
1068 2946 1213 3011 Galenus
1233 2964 1271 3010 1v
1297 2951 1360 3013 506
1382 2947 1430 3015 Κ.

266 3048 338 3115 εἰδὲ
349 3053 406 3130 τῆς
418 3052 477 3113 τοῦ
489 3046 628 3131 αἵματος
640 3045 894 3130 ἀναθυμιάσεως
907 3049 950 3119 εἰς
962 3050 1084 3138 θρέψιν
1095 3049 1207 3139 χρῄζει
1220 3050 1258 3117 τὰ
1270 3054 1430 3139 ψυχικὸν

266 3157 405 3235 πνεῦμα.
442 3153 553 3236 itaque
569 3151 670 3216 totius
688 3154 749 3216 looi
765 3155 930 3218 sententie
950 3155 995 3218 sic
1010 3155 1212 3239 expedienda
1230 3163 1296 3220 est:
1318 3158 1428 3222 ‘utin

267 3258 389 3321 mundo
407 3265 485 3320 sunt
510 3256 664 3332 membra,
679 3267 729 3321 est
745 3258 879 3343 spiritus
897 3258 1030 3323 diuinus
1053 3260 1110 3344 qui
1130 3268 1238 3325 toturn
1254 3260 1430 3347 gubernat,

267 3362 312 3426 sio
327 3361 362 3425 in
382 3359 476 3424 nobis
494 3381 621 3444 quoque
644 3368 694 3424 est
714 3361 809 3426 sortis
829 3370 977 3427 terrenae
1001 3385 1116 3448 corpus
1132 3371 1166 3427 et
1181 3365 1291 3427 anima
1305 3385 1392 3449 quae
1409 3389 1429 3430 a

266 3465 424 3550 sanguine
450 3463 558 3542 alitur,
581 3472 631 3527 est
654 3464 782 3529 animus
806 3466 977 3552 utriusque
1003 3466 1246 3552 gubernatore
1271 3490 1335 3552 quo
1361 3471 1429 3535 toti

265 3570 409 3656 regimur
434 3569 740 3653 dispensemurque!

332 3674 372 3737 de
396 3673 493 3736 rebus
517 3672 598 3736 satis
623 3672 767 3738 dictum:
797 3697 884 3740 nuno
910 3675 950 3740 de
977 3676 1085 3740 uerbis
1109 3676 1292 3742 dicendum.
1336 3688 1430 3745 reete

268 3778 409 3863 primum
432 3776 603 3841 Bentleius
627 3785 695 3856 esu,
720 3779 807 3863 quod
830 3781 914 3845 ratio
941 3781 1098 3866 postulat,
1125 3784 1247 3867 prosit
1273 3785 1431 3869 reposuit

301 3995 309 4027 ¹
327 3994 377 4044 hoo
395 3994 547 4056 soripserom
566 4009 626 4044 eum
644 3996 763 4046 nondum
782 3997 820 4046 in·
872 3999 948 4061 leget,
967 4001 1075 4050 fortasse
1096 4000 1146 4050 hoo
1169 4016 1270 4064 quoque
1291 4000 1349 4052 Ιοοο
1367 4007 1432 4066 ‘gu-

267 4076 424 4128 tellexisoem
441 4076 521 4126 fuisse
537 4076 583 4138 qui
601 4077 773 4128 indicatiuum
792 4079 820 4127 in
871 4081 977 4131 bernat’
1007 4082 1074 4147 (892)
1103 4086 1129 4132 et
1163 4082 1326 4146 ‘dispensat'
1358 4084 1434 4150 (893)

268 4160 385 4210 oratione
425 4160 529 4222 obliqua
569 4161 679 4211 Manilio
715 4168 821 4226 negaret
872 4162 1004 4214 moliatur.
1039 4163 1107 4226 quod
1118 4168 1206 4214 tumen
1215 4179 1300 4227 neque
1314 4167 1344 4214 ut
1360 4168 1435 4220 ratio

270 4242 451 4307 (Toppertzius
476 4244 506 4290 αι
529 4242 731 4292 coniunctionum
753 4247 822 4308 αριια
872 4246 896 4295 ei
907 4250 1008 4296 constet
1020 4262 1122 4296 neeesse
1131 4252 1171 4297 est
1179 4262 1261 4310 neque
1272 4248 1434 4311 legentibus,

269 4325 408 4373 Manilium
429 4338 477 4371 ιαιι
495 4324 566 4380 1892,
585 4338 609 4385 p.
630 4324 682 4386 24).
716 4324 739 4372 is
761 4340 822 4374 eum
872 4331 902 4377 ut
925 4327 1026 4390 opinor,
1050 4328 1127 4378 fenile
1149 4329 1314 4392 persuaserit.
1359 4333 1436 4393 quod

269 4422 302 4459 111
324 4408 372 4460 385
395 4406 560 4458 ‘uerientur’
583 4421 629 4473 pro
658 4408 822 4459 ‘uariantur’
872 4426 932 4462 eum
952 4411 1086 4461 indicatiui
1105 4427 1152 4475 pro
1172 4412 1338 4463 subiunotiuo
1359 4429 1435 4468 sum·
