3074 5092
505 344 629 408 SILVA
661 343 916 405 MANILIANA.
1271 339 1290 398 5

128 527 316 613 pertineret,
332 527 481 593 librarius
503 527 701 612 nescioquis
721 536 894 614 postquam
916 550 973 591 suo
989 535 1115 593 motum
1131 527 1199 591 loco
1221 548 1289 590 esse

129 631 300 707 intellexit,
331 632 394 695 huo
425 633 505 695 falsa
535 631 774 715 probabilitatis
808 631 914 715 speeie
945 632 1103 717 pellectus
1133 630 1288 695 traduxit.

129 759 240 800 uersus
261 740 332 811 159,
357 740 429 814 167,
452 740 512 801 161
537 736 598 800 hoc
619 737 731 800 ordine
753 759 786 801 se
805 736 953 822 excipere
974 736 1158 801 debebunt:

237 864 355 929 ultima
377 864 523 928 subsedit
546 865 724 948 glomerato
747 866 887 950 pondere
910 866 1008 930 tellus
1226 867 1288 929 159

238 969 368 1054 imaque
391 968 432 1032 de
455 969 580 1032 cunctis
603 969 743 1032 mediam
767 977 860 1033 tenet
884 969 1028 1053 undique
1051 968 1169 1046 sedem,
1226 967 1287 1033 167

238 1073 397 1158 paulatim
420 1073 461 1137 ad
484 1095 649 1137 summum
673 1074 767 1137 tenui
789 1073 935 1158 fugiente
958 1074 1089 1157 liquore.

196 1245 208 1290 1
232 1231 295 1292 428
318 1251 363 1313 sq.

195 1356 252 1420 hos
286 1379 399 1421 uersus
425 1357 596 1421 Bentleius
623 1357 657 1419 in
681 1357 769 1420 hunc
792 1357 923 1421 modum
947 1356 1083 1421 notauit.
1130 1354 1288 1419 “Nebulo

130 1460 182 1524 hic
209 1460 355 1546 quisquis
382 1469 461 1538 erat,
484 1470 553 1525 tam
584 1462 784 1525 commodam
812 1461 1011 1525 occasionem
1034 1472 1157 1539 nactus,
1183 1460 1290 1524 noluit

128 1564 279 1648 piperatos
305 1565 473 1629 dimittere
500 1565 569 1629 sine
596 1566 680 1629 dono
706 1567 758 1629 vel
788 1565 866 1649 ipsis
893 1567 1128 1630 monstrosiore.
1185 1563 1289 1628 voluit

131 1677 242 1733 tamen
273 1671 331 1733 hos
360 1669 509 1734 interseri
539 1678 612 1754 post
642 1692 770 1733 versum
803 1671 892 1733 428”
909 1701 937 1723 =
953 1673 1025 1734 421.
1081 1670 1159 1733 illuc
1189 1668 1292 1756 igitur

132 1782 307 1850 transeant,
335 1774 464 1838 inuerso
494 1773 589 1837 modo
620 1773 749 1852 ordine;
786 1773 861 1850 iarn,
897 1773 925 1836 si
962 1773 1041 1857 quid
1072 1773 1176 1848 uideo,
1209 1771 1291 1836 nibil

132 1875 300 1940 habebunt
323 1877 508 1940 monstrosi:

565 2008 674 2063 uastos
696 2021 771 2062 cum
794 2007 880 2061 terra
903 1997 1052 2082 gigantas
1226 2000 1288 2061 421

283 2102 443 2166 discordes
464 2102 576 2166 uultu¹
600 2103 825 2187 permixtaque
849 2124 980 2186 corpora
1003 2111 1115 2187 partus
1226 2105 1289 2166 429

284 2228 374 2268 arma
396 2206 610 2290 importantes
633 2214 666 2270 et
689 2215 787 2290 rupta
810 2214 913 2269 matre
936 2213 1059 2269 creatos
1227 2209 1290 2268 428

284 2310 319 2373 iu
342 2310 468 2373 caelum
490 2309 667 2374 furibunda
690 2310 775 2374 tulit.

198 2456 250 2513 ‘at
262 2447 440 2532 languiduli
458 2458 534 2512 sunt
550 2458 583 2513 et
599 2448 717 2533 quibus
732 2449 825 2513 facile
842 2446 1017 2512 caruerim?
1051 2447 1215 2512 adsentior
1230 2447 1292 2511 tibi

133 2552 278 2637 quisquis
302 2574 345 2629 es,
364 2552 460 2615 modo
481 2575 522 2616 ne
545 2552 670 2636 spurios
695 2575 823 2637 quoque
848 2575 902 2617 eos
924 2574 993 2616 esse
1016 2551 1078 2615 isto
1101 2561 1292 2636 argumento

133 2657 369 2721 demonstrasse
384 2656 447 2720 tibi
463 2654 611 2720 uidearis.

199 2829 212 2874 1
235 2813 299 2876 433
315 2832 381 2895 sqq.

265 2968 362 3032 quam
385 2956 517 3032 propter
539 2954 630 3010 cetus
653 2946 850 3010 conuoluens
872 2969 1027 3031 squamea
1049 2956 1142 3032 terga

265 3052 397 3116 orbibus
420 3052 558 3137 insurgit
581 3052 674 3115 tortis
696 3060 730 3115 et
753 3053 892 3115 fluctuat
914 3052 989 3116 aluo

264 3145 432 3220 intentans
454 3178 595 3220 morsum
619 3155 734 3220 similis
756 3156 820 3220 iam
845 3155 975 3241 iamque
999 3157 1135 3220 tenenti.

199 3293 376 3358 rectissime
402 3293 443 3357 ad
473 3315 541 3356 rem
569 3293 700 3378 quidem
724 3292 908 3357 Bentleius:
934 3291 1063 3377 “Atqui
1085 3300 1154 3356 tarn
1177 3291 1291 3357 similis

135 3400 252 3483 [cetus]
277 3407 327 3464 est
352 3397 479 3463 tenenti
504 3399 746 3463 Andromedam
772 3421 871 3484 quam
898 3398 954 3481 qui
981 3397 1115 3461 dimidio
1142 3397 1230 3460 caelo
1253 3397 1295 3460 ab

135 3525 173 3566 ea
192 3503 298 3567 distet.
344 3501 456 3567 Cicero
471 3502 506 3566 in
522 3501 652 3567 Arateis
674 3502 775 3567 ‘Exin
797 3511 954 3566 semotam
972 3502 1082 3586 procul
1103 3500 1138 3564 in
1154 3510 1291 3587 tutoque

136 3608 271 3671 locatam
292 3605 297 3693 Ι
318 3606 557 3670 Andromedam
577 3615 689 3671 tamen
711 3607 880 3692 explorans
899 3607 967 3670 fera
988 3628 1142 3692 quaerere
1158 3605 1272 3690 pistrix
1290 3603 1293 3690 l

136 3710 289 3797 Pergit.’''
319 3712 374 3775 sed
392 3711 492 3775 uerba
506 3712 584 3775 dum
600 3712 699 3776 nimis
714 3711 809 3775 anxie
825 3711 953 3796 premit,
965 3710 1161 3774 sententiam
1178 3717 1294 3795 poetae

137 3839 201 3880 non
230 3816 404 3901 perspexit.
460 3817 636 3881 translatae
667 3817 699 3879 in
731 3815 835 3879 sidera
864 3816 951 3878 ferae
982 3814 1151 3900 finguntur
1183 3814 1290 3877 omnia

137 3922 275 3984 retinere
296 3943 379 4005 quae
399 3920 585 3984 uiuentium
607 3921 769 4006 quondam
788 3919 918 4004 propria
936 3928 1036 3983 erant.
1084 3918 1169 3982 idem
1190 3926 1295 3982 status

137 4034 247 4110 gestus
272 4025 388 4102 uoltus,
410 4024 544 4111 perinde
566 4047 603 4088 ac
627 4025 653 4086 si
677 4023 846 4087 Medusam
873 4023 1101 4108 adspexissent.
1147 4030 1238 4086 cetus
1259 4021 1295 4084 in

138 4129 232 4192 terris
262 4128 448 4193 intentabat
479 4150 609 4204 morsus
636 4137 747 4212 raptus
777 4127 812 4191 in
835 4126 940 4191 sidera
961 4127 1104 4191 intentat
1127 4126 1218 4208 (nam
1242 4125 1294 4189 hio

137 4255 266 4319 quoque
289 4233 420 4296 timeret
441 4231 649 4296 Andromeda
668 4231 776 4296 bintus
796 4231 866 4294 eius
882 4238 996 4306 uastos,
1013 4232 1075 4294 356
1093 4251 1168 4313 sqq„
1184 4229 1247 4292 nisi
1262 4230 1298 4292 in

440 4395 449 4425 ¹
467 4394 573 4457 quidam
589 4396 695 4452 uultum,
713 4392 785 4443 haud
802 4392 855 4442 scio
872 4407 907 4442 an
924 4395 1000 4440 reete.
