3074 5092
557 342 680 404 SILVA
710 340 964 399 MANILIANA.
1301 336 1338 393 13

182 522 245 589 tibi
267 523 421 587 euadunt.
467 520 527 585 hoc
546 521 574 585 si
592 520 698 585 uoluit
717 528 822 605 poeta,
839 542 896 584 cur
916 520 1048 585 1166111111
1068 540 1197 604 operm
1216 515 1343 601 scripsit

185 649 260 690 cum
292 649 421 711 operam
451 626 582 690 ueniunt
606 625 763 690 deberet?
814 623 1003 689 concinnius
1029 632 1063 688 et
1089 620 1278 709 elegantius
1304 627 1342 682 ut

186 732 308 816 opinor,
334 730 418 794 dixit
447 730 503 793 ille
534 738 671 794 NAVAot
702 746 843 813 operam.
898 750 973 791 mox
1003 750 1023 790 6
1055 725 1213 791 Salmasio
1235 723 1343 811 foetes

186 834 308 918 accipio
334 857 375 898 ne
399 842 512 919 pontes
538 833 665 897 ‘mille'
694 840 873 919 sequantur
898 831 1020 896 ‘artes'
1064 831 1152 894 locus
1178 829 1224 894 sic
1249 827 1342 891 nobis

186 936 324 1001 euadet:

272 1065 327 1128 ille
350 1086 479 1150 quoque
502 1063 623 1128 inflexa
644 1064 767 1127 fontem
792 1062 848 1148 qui
871 1062 987 1147 proicit
1009 1085 1091 1126 urna
1280 1064 1342 1126 259

262 1157 427 1253 ¹cognatas
449 1168 568 1233 tribuit
591 1167 756 1232 iuuenalis
779 1166 943 1250 Aquarius
965 1175 1068 1231 artes:
1280 1169 1343 1230 260

273 1296 403 1338 66111616
427 1274 488 1338 sub
509 1274 604 1338 terris
627 1273 739 1348 undas
763 1273 917 1337 inducere
940 1272 1034 1337 terris
1057 1281 1086 1338 et
1107 1294 1159 1356 qs.

274 1389 308 1442 et
330 1377 574 1463 peregrinantes
598 1377 748 1440 domibus
772 1379 968 1461 suspendere
991 1377 1086 1440 riuos.
1281 1377 1343 1439 265

273 1480 394 1565 quippe
418 1479 518 1542 etiarn
541 1479 658 1543 mundi
681 1478 797 1543 faciem
821 1479 977 1563 sedesque
1000 1478 1146 1542 monebit
1281 1474 1342 1541 267

274 1584 413 1647 sidereas
437 1584 630 1669 caelumque
653 1605 777 1646 nouum
800 1582 946 1647 uersabit
968 1583 1002 1647 in
1026 1582 1144 1647 orbem.

275 1687 364 1751 mille
388 1687 449 1751 sub
473 1687 532 1750 hoc
555 1687 708 1751 habitant
731 1697 818 1751 artes
840 1709 920 1772 quas
943 1695 1107 1770 temperat
1129 1685 1235 1764 unda3
1283 1686 1344 1748 266

274 1812 357 1874 quae
377 1812 434 1875 per
453 1812 552 1876 aquas
572 1806 715 1853 NAVANT
730 1807 863 1874 operAm
880 1791 1049 1874 fontesque
1065 1795 1253 1873 sequuntur.
1282 1788 1345 1851 269

277 1894 356 1958 111116
379 1917 483 1981 genus
505 1893 680 1979 dulcesque
702 1894 812 1959 fluunt
835 1893 875 1957 611
899 1893 1018 1957 61116161
1040 1902 1159 1978 partus.

255 2045 294 2092 1v
309 2033 373 2095 498
389 2051 454 2115 sqq.

278 2148 339 2211 hae
361 2156 469 2232 partes
492 2146 634 2212 sterilem
658 2148 783 2212 ducunt
805 2157 839 2213 et
860 2148 976 2233 frigore
999 2157 1033 2212 61
1055 2147 1124 2233 igni

278 2273 352 2314 aera
372 2250 426 2315 uel
449 2250 531 2315 sicco
555 2252 607 2316 uel
631 2253 716 2337 quod
740 2254 942 2338 superauerit
963 2276 1064 2331 umor,

279 2354 306 2418 61
327 2354 458 2438 rapidus
484 2356 612 2420 Mauors
635 2357 721 2443 ignis
743 2357 904 2421 iaculatur
928 2358 962 2421 in
984 2357 1078 2420 illum
1283 2360 1346 2421 500

280 2459 440 2523 Saturnus
463 2470 570 2524 sumet
591 2459 728 2544 glaciem
751 2460 943 2524 Phoebusue
966 2461 1092 2525 calores.

258 2596 345 2673 baec,
362 2584 561 2661 enumeratis
576 2619 662 2682 quae
684 2597 821 2682 singulis
840 2599 874 2662 in
897 2598 998 2682 signis
1017 2607 1126 2684 partes
1146 2607 1292 2674 noceant,
1307 2598 1348 2662 de

192 2701 343 2766 omnibus
358 2700 546 2784 accipienda
561 2700 717 2764 Manilius
733 2701 910 2787 subiungit.

257 2828 312 2870 uu.
335 2808 397 2870 500
418 2813 452 2868 et
475 2809 536 2870 501
558 2828 615 2890 pro
639 2805 756 2890 spuriis
780 2807 915 2870 damnat
942 2806 1057 2890 Fayus
1078 2827 1176 2890 quem
1199 2804 1350 2890 sequitur

192 2908 293 2974 etiam
329 2908 475 2985 Iacobus,
507 2907 586 2972 haec
622 2911 801 2974 adnotans:
838 2918 932 2973 ‘cum
963 2909 1078 2973 ceteris
1115 2908 1350 2994 interpretibus

192 3015 316 3098 spurios
349 3011 457 3076 iudico
490 3035 591 3097 quum
625 3013 832 3098 planetarum
865 3013 1045 3077 doctrinam
1084 3002 1119 3076 in
1161 3013 1258 3078 libros
1291 3020 1349 3076 aut

192 3140 257 3181 non
287 3125 428 3181 servatos
466 3124 524 3180 6111
560 3139 624 3180 1166
659 3117 823 3181 absolutos
859 3117 1025 3181 reiecerit'
1074 3117 1172 3181 miror
1209 3116 1350 3181 hominis

193 3222 402 3307 sagacitatem
430 3221 496 3306 qui,
521 3243 595 3284 cum
623 3221 662 3284 de
690 3221 780 3286 libris
810 3222 881 3286 istis
907 3230 976 3285 tam
1001 3221 1083 3285 nihil
1114 3244 1147 3285 se
1174 3221 1253 3286 scire
1278 3244 1349 3307 pro·

193 3328 333 3402 fimatur,
355 3328 412 3390 hos
433 3348 546 3391 uersus
565 3327 661 3391 istinc
681 3350 746 3391 non
767 3328 894 3392 uenisse
915 3350 974 3412 pro
994 3337 1082 3391 certo
1100 3327 1189 3390 sciat.
1236 3349 1350 3392 uerum

193 3432 359 3497 enimuero
380 3431 415 3494 hi
436 3432 605 3496 1161666611
621 3433 785 3517 ‘partium
798 3434 804 3458 ’
821 3434 975 3498 notitiam
990 3455 1054 3497 non
1070 3433 1179 3495 minus
1194 3453 1293 3515 quam
1309 3431 1350 3495 ad

193 3536 399 3621 planetarum
424 3534 603 3598 doctrinam
629 3535 804 3618 pertinent,
825 3545 864 3599 ut
887 3537 978 3600 nulla
1000 3537 1090 3600 iusta
1111 3558 1208 3599 causa
1230 3535 1273 3600 sit
1294 3557 1352 3599 cur

194 3663 233 3703 ex
250 3640 309 3702 1166
325 3646 491 3723 tamquam
509 3660 549 3702 ex
565 3638 670 3701 alieno
692 3637 760 3702 loco
780 3639 878 3703 furcis
900 3640 1068 3704 eiciantur.
1107 3661 1244 3723 magnus
1264 3648 1351 3704 certe

195 3765 304 3808 eorum
330 3741 452 3805 uindex
480 3742 650 3807 Bentleius
678 3744 733 3828 qui
761 3766 815 3808 eos
841 3744 999 3808 ‘auctoris
1024 3766 1093 3808 esse
1120 3743 1200 3808 dicit
1224 3752 1259 3809 et
1281 3744 1353 3807 illos

193 3845 321 3910 liberali
351 3867 447 3908 66666
474 3868 573 3909 manu
600 3846 733 3910 asserit?
780 3846 815 3909 hi
840 3846 927 3910 enim
954 3847 982 3910 si
1009 3846 1204 3923 recidentur,
1228 3847 1353 3932 reliqua

194 3972 309 4014 manca
329 3958 363 4013 et
384 3950 501 4014 mutila
521 3961 606 4015 sunt.
651 3972 709 4035 par
726 3960 939 4036 utrorumque
955 3951 1118 4030 condicio;
1140 3974 1208 4016 una
1222 3953 1352 4029 abeant,

197 4078 263 4119 una
274 4062 436 4118 maneant.
473 4076 556 4139 quae
571 4053 606 4117 in
621 4055 729 4119 uerbis
742 4063 892 4140 corrupta
903 4064 989 4133 sunt,
1000 4056 1153 4141 pleraque
1166 4053 1353 4118 emendauit

227 4223 289 4271 lad
311 4222 404 4283 sidera,
425 4222 448 4270 si
467 4222 571 4284 quidem
594 4238 688 4272 sanum
709 4228 749 4274 661
799 4223 957 4286 6161666661
975 4223 1024 4274 ‘ad
1041 4223 1131 4273 sideris
1150 4235 1231 4284 aquas
1248 4223 1354 4287 prolun-

196 4305 339 4372 (Bentleius
356 4304 427 4354 enim
443 4319 496 4354 non
516 4305 572 4354 sine
591 4305 647 4354 ueri
667 4304 749 4368 specie
799 4306 886 4356 dentis
897 4307 1112 4358 similitudinem.’

194 4388 322 4437 obsidere
338 4385 467 4451 coniecit),
483 4401 542 4437 cum
560 4387 653 4437 Ellisio
670 4387 748 4438 inter·
