3074 5092
621 1210 906 1286 APPENDIX.

247 1547 298 1604 Ad
312 1567 343 1621 p.
368 1547 404 1604 14
424 1553 500 1622 etp.
522 1544 569 1606 37.
612 1565 688 1622 quae
707 1545 744 1603 de
763 1545 901 1621 cupiendi
919 1545 1136 1622 significatione
1156 1545 1293 1603 inaudita
1311 1544 1344 1601 in

186 1661 218 1701 1v
238 1646 294 1703 541
316 1653 347 1703 et
366 1662 397 1703 1v
419 1647 477 1702 223
500 1646 729 1722 disputauimus‚
751 1646 784 1702 in
805 1646 865 1704 alio
887 1646 991 1722 utique
1013 1647 1158 1722 scriptore
1178 1645 1344 1703 rectissime

186 1744 402 1819 colligerentur.
447 1744 499 1801 sed
518 1751 553 1801 ut
574 1744 606 1800 in
629 1744 757 1801 Manilio
775 1763 880 1800 uereor
898 1763 936 1800 ne
954 1744 1140 1820 corruptelae
1162 1743 1242 1801 locos
1263 1743 1344 1800 festi-

186 1843 309 1899 nautius
323 1843 568 1901 insimulauerim.
605 1862 675 1900 nam
687 1862 786 1917 cupere
798 1842 830 1898 in
846 1842 981 1917 utrisque
995 1861 1049 1918 pro
1059 1842 1208 1917 praedari
1223 1842 1345 1899 uidetur

187 1960 271 2016 posse
293 1941 394 2017 accipi,
416 1941 442 1998 si
464 1941 578 1998 sincera
602 1949 675 1998 sunt
696 1941 750 1997 illa
775 1960 851 2017 quae
874 1941 911 1998 de
937 1941 1029 1999 Sexto
1051 1941 1194 2017 Pompeio
1217 1941 1344 2017 legimus

188 2057 199 2096 1
220 2039 278 2097 920
293 2059 335 2116 sq.
358 2046 440 2097 ‘cum
465 2040 578 2116 patrios
598 2040 689 2098 armis
706 2040 843 2098 imitatus
864 2041 944 2097 filius
967 2041 1066 2098 hostes
1084 2039 1088 2121 Ι
1107 2060 1236 2117 aequora
1259 2040 1345 2098 Pom-

187 2137 272 2213 peius
286 2137 359 2213 cepit
373 2137 495 2195 defensa
509 2137 645 2213 parenti'

248 2304 300 2362 Ad
310 2325 340 2379 p.
359 2305 406 2363 33.
448 2304 527 2381 quod
541 2303 574 2361 in
589 2303 649 2362 (lic.
666 2303 700 2362 dc
712 2303 773 2380 fin.
791 2304 817 2362 3.
835 2303 873 2361 75
888 2303 982 2360 uerba
1001 2307 1096 2361 ‘recte
1113 2303 1194 2362 solus
1207 2303 1298 2361 liber'
1313 2308 1345 2361 et

103 2395 106 2400 ’
188 2410 283 2461 ‘recte
312 2404 458 2461 inuictus'
486 2404 567 2460 inter
593 2423 625 2461 se
649 2404 784 2470 fortasse⁴
799 2401 1021 2478 transponenda
1045 2421 1107 2460 esse
1130 2403 1343 2473 diuinauimus,

188 2502 368 2559 firmamenti
387 2502 501 2579 aliquid
524 2522 563 2560 ex
585 2502 653 2560 aliis
676 2502 809 2559 eiusdem
832 2502 962 2559 auctoris
982 2501 1053 2560 locis
1074 2502 1127 2578 qui
1146 2502 1344 2560 similitudine

188 2599 288 2676 aliqua
302 2619 369 2656 cum
384 2599 436 2657 illo
451 2600 683 2676 coniunguntur,
700 2599 832 2658 nancisci
851 2600 1011 2657 uidebitur.
1058 2600 1140 2658 Tunc.
1159 2601 1243 2676 Dap.
1261 2600 1287 2658 5.
1305 2601 1343 2657 32

191 2699 254 2756 ‘hic
271 2705 372 2756 autem
390 2699 537 2771 uincetur,
554 2705 589 2756 ut
608 2698 681 2770 dixi,
702 2718 756 2756 nec
775 2698 863 2755 modo
883 2699 1022 2756 uincetur
1040 2699 1091 2756 sed
1110 2699 1202 2756 etiam
1216 2700 1327 2757 seruiet
1336 2720 1345 2773 3

189 2805 220 2854 at
230 2817 284 2855 nos
298 2797 443 2855 uirtutem
458 2816 575 2873 semper
584 2797 710 2854 liberam
721 2797 869 2868 uolumus,
881 2817 997 2873 semper
1007 2797 1181 2858 inuictam':
1205 2798 1254 2855 hic
1265 2803 1345 2855 certe

189 2896 269 2952 inter
289 2913 320 2951 se
341 2894 519 2970 respondere
542 2893 685 2951 uidentur
706 2893 855 2952 inuictum
873 2901 904 2951 et
922 2894 1062 2952 uincetur
1080 2894 1158 2952 sicut
1177 2895 1299 2953 liberam
1316 2904 1347 2953 et

189 2994 295 3052 seruiet
305 3017 313 3068 ;
337 2993 440 3051 confer
459 2992 551 3050 etiam
570 2993 610 3052 ib.
628 2995 654 3051 5.
673 2993 712 3052 78
731 3001 762 3050 et
781 2993 815 3051 do
834 2992 937 3069 officiis
954 2993 979 3050 l.
998 2994 1043 3051 68.
1086 3013 1178 3069 quare
1196 2995 1229 3051 in
1248 2995 1345 3052 locum

190 3091 341 3150 Ciceronis
360 3092 500 3150 succedat
519 3093 633 3150 Statius
647 3093 700 3169 qui
715 3093 787 3150 haec
802 3093 893 3150 habet
906 3093 983 3151 silc.
1001 3094 1028 3151 5.
1046 3093 1072 3151 5.
1091 3094 1128 3150 62
1144 3111 1207 3170 sqq.
1225 3094 1346 3151 ‘incitat

190 3190 248 3248 heu
270 3191 423 3268 planctus:
445 3192 545 3267 potius
562 3192 709 3269 fugientia
726 3194 806 3268 ripas
824 3189 829 3272 Ι
848 3192 973 3249 flumina
997 3191 1140 3250 dcaiocua
1162 3192 1273 3268 rapidis
1296 3198 1349 3249 aut

190 3291 309 3367 ignibus
333 3291 433 3348 obstes
451 3289 455 3371 Ι
474 3310 563 3368 quam
585 3291 708 3349 miseros
728 3291 831 3367 lugere
853 3289 955 3348 uetes)
997 3310 1058 3348 non
1078 3292 1170 3347 miror
1190 3290 1233 3346 ibi
1255 3290 1350 3346 Hein-

192 3391 267 3448 sium
297 3389 428 3448 detineas
455 3391 650 3467 temptauisse
678 3410 858 3467 quamquam
886 3390 1002 3446 canerit
1025 3390 1104 3447 idem
1132 3408 1170 3446 ne
1195 3388 1350 3447 declama

193 3489 420 3565 periclitaretur.

252 3652 304 3710 Ad
314 3674 345 3728 p.
363 3652 410 3711 49.
454 3652 607 3729 complura
626 3672 664 3710 ex
685 3651 741 3710 hoc
760 3652 836 3709 libro
855 3651 960 3728 quinto
977 3651 1163 3710 intercidisse
1178 3652 1226 3710 uel
1243 3671 1278 3710 ea
1297 3672 1343 3710 res

192 3751 369 3809 documento
392 3750 538 3826 estquod
559 3750 713 3824 Manilius,
738 3750 808 3807 fidei
835 3749 1066 3826 haudquaquam
1093 3749 1207 3807 fallacis
1234 3756 1346 3821 auctor,

193 3868 268 3924 quae
287 3848 319 3903 in
337 3847 460 3905 exordio
479 3846 549 3904 libri
568 3846 719 3923 pollicitus
738 3853 784 3904 est
803 3865 951 3922 nusquam
973 3848 1112 3903 ‘cuncta'
1133 3846 1173 3923 (u.
1197 3846 1249 3924 27)
1268 3866 1349 3923 prac-

193 3946 305 4003 stitisse
320 3945 448 4002 uidetur.
493 3944 569 4001 nihil
588 3945 668 4001 enim
686 3943 722 4000 de
738 3943 869 4000 Eridano
888 3942 963 4021 (15),
978 3941 1055 3999 nihil
1069 3941 1107 4000 de
1122 3943 1259 4000 Dracone
1274 3942 1347 4021 (16),

193 4044 269 4102 nihil
287 4044 324 4101 de
344 4044 452 4101 Perseo
472 4044 538 4121 (22)
557 4043 632 4101 dicit
650 4063 718 4100 cum
737 4043 816 4100 idem
835 4043 1000 4099 multorum
1019 4042 1150 4099 siderum
1165 4042 1244 4099 uires
1258 4042 1350 4100 effuse

193 4143 368 4200 tractauerit
382 4162 458 4219 quae
473 4142 505 4198 in
519 4141 642 4200 exordio
656 4141 775 4217 propria
789 4141 941 4197 mentione
956 4158 1016 4195 non
1029 4138 1169 4215 dignatus
1183 4145 1236 4197 est.
1280 4140 1349 4197 hinc

192 4242 254 4316 spei
277 4239 391 4317 aliquid
416 4238 502 4297 nobis
524 4238 759 4315 portendebatur
779 4256 863 4314 posse
884 4236 921 4294 de
942 4236 994 4294 illo
1015 4255 1132 4313 quoque
1152 4236 1248 4294 sidere
1269 4237 1349 4313 quod

193 4357 341 4395 unacum
362 4343 449 4394 xxvi⁰
469 4337 563 4413 gradu
585 4336 693 4393 Librae
717 4341 859 4412 surgeret,
882 4333 1048 4392 diuinando
1073 4333 1190 4409 aliquid
1215 4334 1347 4410 reperiri
