3074 5092
568 364 692 424 SILVA
724 363 980 424 MANILIANA.
1315 368 1354 424 35

193 540 321 606 odimus
350 542 601 630 deuitamusque
631 543 718 630 quod
749 554 836 609 certo
866 545 998 622 semine,
1028 568 1093 610 non
1122 544 1257 610 arbitrio
1287 567 1354 622 suo,

193 655 379 724 nascuntur,
394 656 432 712 ut
446 649 675 734 frugiferarum
697 671 761 712 non
785 650 891 714 minor
905 658 956 715 est
971 651 1058 736 apud
1073 673 1132 716 nos
1146 651 1251 736 gratia
1266 651 1353 737 quod

192 759 310 815 natura
330 751 467 817 iubente
490 754 648 831 criuntur,
671 753 716 817 sic
739 762 773 819 et
800 753 970 819 hominum
993 755 1172 820 facinorum
1195 755 1352 820 bonorum

192 854 294 919 maior
308 855 371 920 erit
385 856 488 943 gloria
502 857 530 921 si
545 879 619 922 cum
633 857 753 942 gaudio
765 859 920 922 caelitum
932 859 1092 936 uenerint,
1104 859 1263 923 malorum
1275 881 1353 923 uero

192 958 296 1024 maius
308 961 418 1025 odium
431 961 458 1024 si
469 983 508 1026 ea
519 960 577 1047 qui
592 961 782 1026 admiserint
797 961 831 1026 in
848 961 977 1048 culpam
992 984 1178 1049 poenasque
1194 964 1265 1048 lege
1280 986 1353 1028 nas·

191 1065 285 1130 cendi
297 1067 397 1132 creati
409 1066 492 1132 sint!
527 1066 606 1131 haec
618 1089 683 1130 non
693 1065 862 1131 cohaerere
875 1066 948 1151 quis
960 1076 1010 1131 est
1021 1067 1078 1151 qui
1089 1089 1153 1131 non
1163 1067 1352 1152 intellegat?

191 1170 400 1255 nequeenim
416 1171 456 1235 de
471 1170 591 1258 gaudio
607 1171 762 1236 caelitum
783 1172 900 1256 agitur,
916 1170 972 1235 sed
993 1171 1033 1236 de
1054 1171 1199 1258 imperio.
1243 1172 1353 1236 confer

190 1295 245 1339 uu.
256 1277 318 1339 109
331 1297 398 1360 sqq.
411 1274 551 1340 ‘scilicet
563 1283 611 1339 est
624 1275 713 1339 aliud
724 1276 810 1360 quod
823 1297 881 1338 nos
892 1282 1053 1361 cogatque
1064 1283 1220 1361 regatque
1232 1279 1236 1361 l
1246 1274 1352 1339 maius

191 1378 280 1442 etin
302 1379 448 1465 proprias
468 1379 567 1444 ducat
591 1379 741 1444 mortalia
765 1379 871 1465 leges?
916 1380 1052 1444 eandem
1076 1379 1129 1445 hic
1152 1379 1349 1445 sententiam

190 1483 310 1548 leniore
335 1485 436 1550 uerbo
460 1484 618 1570 expressit
638 1492 744 1570 poeta,
764 1483 858 1548 modo
879 1485 1071 1549 emendatus
1094 1485 1147 1562 sit,
1162 1486 1248 1550 caelo
1269 1502 1352 1548 SVA-

191 1587 288 1653 deuta
332 1588 530 1653 contrarium
561 1589 681 1653 uitium
713 1590 897 1673 ‘suadetque
926 1589 1045 1674 Lyaeo’
1076 1612 1133 1673 pro
1159 1597 1167 1622 ‘
1174 1589 1352 1675 gaudetque

191 1689 316 1774 Lyaeo’
333 1714 372 1756 ex
388 1709 411 1755 v
428 1695 491 1757 323
510 1691 666 1757 tollebam
681 1715 755 1757 cum
776 1691 842 1755 iam
863 1699 941 1756 aute
965 1714 1016 1757 me
1039 1715 1059 1756 a
1080 1691 1252 1756 Thomasio
1275 1691 1351 1756 sub-

191 1794 294 1859 latum
318 1817 386 1860 esse
409 1796 566 1862 intellexi.
610 1797 676 1861 iam
699 1797 734 1861 in
755 1796 867 1861 eodem
888 1819 985 1861 uersu
1008 1797 1102 1879 (115)
1124 1796 1351 1883 neglegentius

190 1919 267 1964 sane
289 1901 417 1986 scripsit
439 1900 594 1965 Manilius
617 1901 644 1964 si
668 1900 788 1986 ‘gloria
809 1900 920 1965 uenit'
942 1901 1079 1986 scripsit,
1099 1922 1174 1965 cum
1197 1901 1350 1964 meritum

189 2003 301 2068 uenire
317 2004 465 2090 intellegi
478 2004 604 2084 uoluit3
629 2012 663 2069 et
678 2004 869 2069 inconcinne
885 2005 940 2068 uel
961 2005 1061 2069 etiam
1076 2004 1214 2069 absurde
1230 2004 1351 2068 dicitur

189 2105 374 2172 ‘hominum
402 2108 519 2173 merita
544 2110 700 2173 maiorem
727 2108 864 2193 gloriam
891 2108 1010 2173 habere
1037 2108 1123 2193 quod
1150 2129 1189 2171 ea
1213 2107 1348 2194 gloriam

189 2211 309 2279 habere
344 2214 414 2297 (uel
448 2214 476 2278 si
506 2214 619 2288 mauis,
650 2213 806 2278 maiorem
841 2213 979 2300 gloriam
1010 2212 1145 2297 habere)
1175 2213 1350 2277 uoluerunt

188 2317 358 2383 caelestes?
412 2325 609 2404 quapropter
638 2317 763 2382 meritis
789 2339 828 2380 ex
853 2319 968 2383 merit]
990 2317 1178 2402 prouenisse
1209 2315 1349 2382 uidetur.

188 2421 229 2487 de
243 2445 259 2487 s
275 2445 294 2486 a
309 2421 447 2487 librariis
461 2422 580 2486 insulto
595 2422 672 2486 uide
689 2443 772 2506 quae
788 2422 872 2486 infra
887 2445 954 2508 cap.
971 2439 1013 2486 111
1028 2421 1255 2509 congessimus.

253 2577 292 2625 lv
316 2563 380 2626 140
395 2583 461 2647 sqq.

318 2682 443 2746 Taurus
466 2680 668 2767 simplicibus
690 2680 847 2745 dictabit1
870 2702 946 2743 rura
968 2679 1089 2743 colonis

317 2786 488 2871 pacatique
510 2785 602 2850 labor
623 2785 736 2849 ueniet
759 2806 819 2849 nec
841 2784 988 2870 praemia
1010 2783 1124 2860 laudis,

318 2890 374 2989 sed
397 2898 503 2954 terrae
525 2889 649 2954 tribuet
672 2898 793 2975 partus.

246 3027 361 3113 pucati
383 3026 478 3092 labor.
524 3027 625 3090 immo
643 3044 807 3113 puchDl.
854 3026 999 3090 nondum
1023 3025 1111 3089 enim
1138 3032 1272 3109 pacatae
1294 3025 1347 3090 uel

186 3131 341 3196 subactae
363 3141 441 3197 sunt
462 3139 577 3209 terrae,
601 3132 686 3217 quod
714 3132 768 3196 uel
795 3153 835 3195 ex
862 3154 892 3195 u.
918 3134 980 3194 145
1008 3128 1151 3194 elucebit
1176 3129 1348 3194 ‘militiam

185 3235 300 3302 indicit
315 3234 426 3311 terris‚’
442 3257 549 3319 neque
564 3235 598 3298 in
613 3235 763 3320 ‘pacato'
779 3235 871 3298 labor
885 3234 1017 3298 futurus
1031 3241 1109 3297 erat.
1152 3232 1348 3317 gerundium

187 3347 221 3403 et
246 3338 419 3424 participia
444 3339 532 3403 inter
558 3361 593 3403 se
619 3338 703 3402 nulli
729 3361 793 3401 non
820 3343 1026 3401 commutant
1052 3335 1186 3400 codices.
1235 3334 1347 3420 itaque

187 3441 316 3506 Tibullo
331 3445 374 3526 (1.
388 3447 415 3507 5.
434 3443 489 3526 14)
504 3441 756 3506 abiudicandum
773 3440 916 3504 ‘somnia
929 3449 981 3504 ter
996 3448 1108 3504 sancta
1124 3439 1347 3506 decenarauda

188 3547 290 3624 mola,'
306 3534 435 3633 passiue
451 3547 507 3612 ille
522 3547 714 3614 dcucmrctc
729 3546 908 3632 scripserat.

252 3700 289 3748 lv
306 3687 369 3750 150
384 3707 431 3770 sq.

314 3807 421 3873 laudis
443 3827 550 3886 amor3
572 3807 694 3872 tacitae
717 3816 843 3871 mentes
866 3814 900 3871 et
922 3827 1057 3890 corpora
1079 3804 1174 3869 tarda

315 3909 400 3974 mole
422 3910 536 3976 ualent

249 4069 348 4132 supra
364 4047 492 4113 dixerat
512 4055 589 4112 ‘nec
609 4047 755 4132 praemia
773 4047 881 4112 laudis
902 4045 947 4129 (h.
961 4068 987 4111 e.
1003 4045 1152 4123 militiae,
1167 4045 1291 4110 Gallice
1312 4046 1346 4110 la

184 4151 302 4236 ploire)
317 4151 458 4217 tribuet!
503 4173 613 4236 quare,
633 4173 674 4215 ne
695 4173 804 4215 secum
826 4159 953 4236 pugnet
973 4150 1138 4226 Manilius,
1153 4172 1211 4235 pro
1231 4150 1347 4216 tacitae

233 4314 244 4348 ¹
260 4314 300 4366 ita
316 4315 459 4374 Bentleius,
477 4314 595 4366 codicum
616 4329 679 4377 pars
700 4315 791 4364 melior
810 4315 910 4364 soloece
926 4315 1032 4372 dotabit,
1054 4310 1136 4374 aliqui
1152 4313 1258 4361 donabit
1276 4310 1346 4372 quod

185 4395 385 4462 grammaticam
396 4395 526 4448 rationem
537 4410 592 4446 non
603 4394 706 4446 euertit.

1185 4501 1264 4562 3-2
