3074 5092
557 319 679 379 SILVA
712 318 966 377 MANILIANA.
1302 316 1340 376 47

184 519 249 561 11ο11
276 519 389 562 euersa
414 498 485 563 uiro
514 497 591 563 fatis
617 497 749 563 uicisset
778 498 812 562 in
844 497 945 583 ipsis?
968 495 973 583 Ι
998 505 1056 560 eut
1082 496 1160 582 lupa
1185 494 1342 581 proiectos

185 603 339 667 nutrisset
352 602 474 667 Martia
485 604 623 668 fratres?
643 602 648 690 Ι
667 604 773 668 Roma
784 603 865 668 casis
880 609 978 667 enata
989 602 1095 666 foret?
1117 600 1342 687 pecudumque

186 705 332 791 magistri
351 705 355 790 Ι
376 705 411 768 111
427 704 627 792 Capitolinos
647 706 829 770 sanxissent
848 704 987 769 fulmina
1006 713 1133 768 montes
1152 702 1156 790 Ι
1177 702 1343 767 includiue

185 829 244 871 sua
264 808 423 893 potuisset
444 809 594 895 Iuppiter
615 807 734 895 51557Ι
756 817 870 894 capt-us
893 816 928 873 et
949 830 969 871 a
987 806 1090 892 captis
1112 805 1198 870 orbis
1221 807 1302 869 foret
1314 803 1342 869 2'

186 911 284 976 liuius
304 912 363 976 loci
382 920 487 978 totum
504 922 733 1000 argumentum
751 934 790 976 ex
807 911 920 976 eodem
937 910 1085 995 Properti
1104 909 1246 974 carmine
1264 930 1343 994 pen·
1365 909 1367 912 ’

186 1014 262 1079 11515
277 1015 418 1093 uidetur,
434 1016 510 1081 uide
525 1039 579 1081 uu.
592 1019 643 1094 44,
658 1021 698 1080 55
710 1039 763 1102 sq,
780 1024 813 1080 et
829 1017 885 1102 qui
901 1037 998 1100 supra
1014 1013 1138 1079 laudati
1153 1023 1231 1077 sunt
1247 1014 1287 1076 53
1298 1034 1342 1097 sq.

185 1142 290 1205 neque
305 1119 358 1184 hio
372 1121 529 1186 absonum
546 1122 608 1185 erit
623 1143 888 1185 commemorasse
901 1121 935 1183 in
945 1119 1037 1184 Decii
1047 1119 1159 1204 (plur.)
1171 1117 1297 1182 uocales
1309 1116 1343 1180 in

185 1247 289 1289 unum
310 1226 505 1291 contraxisse
526 1225 607 1291 duos
629 1233 760 1290 tantum
784 1224 963 1310 scriptores,
978 1223 1184 1309 Propertium
1205 1246 1235 1287 u.
1252 1225 1294 1286 45
1310 1230 1344 1286 et

185 1328 357 1393 Manilium
382 1346 395 1393 1
423 1328 485 1395 789
509 1330 537 1394 si
562 1328 678 1415 optimi
709 1328 832 1393 codices
857 1328 1014 1414 sequendi
1040 1338 1133 1392 sunt:
1167 1327 1213 1391 sio
1243 1327 1343 1392 etiam

185 1431 329 1496 Horatio
350 1433 425 1517 pilu
448 1455 505 1519 pro
531 1433 746 1498 Horatiorum
771 1432 842 1517 pilu
866 1431 1053 1516 Propertius
1079 1432 1123 1514 (3.
1151 1433 1178 1495 3.
1207 1428 1251 1510 7),
1274 1429 1343 1495 Ho-

185 1536 274 1600 ratio
287 1536 384 1622 facto
406 1537 562 1602 Manilius
584 1554 608 1600 v
625 1535 696 1602 107.
741 1535 949 1622 comparandi
970 1543 1047 1599 sunt
1069 1535 1161 1620 Prop.
1185 1539 1212 1599 2.
1235 1538 1284 1598 25.
1301 1536 1343 1598 43

186 1639 318 1705 ‘uidisti
347 1641 488 1726 patriam
518 1641 659 1727 Argiuae
683 1641 745 1723 (ita
769 1641 897 1727 egregie
923 1640 1171 1723 Housmannus)
1190 1639 1345 1724 prodente

185 1742 306 1830 figura’
323 1752 357 1809 et
376 1745 486 1808 Manil.
504 1761 542 1808 lv
559 1745 622 1809 722
639 1752 690 1809 ‘et
708 1744 842 1830 Syrium
856 1743 1001 1828 proderet
1021 1745 1100 1807 torti
1120 1766 1177 1828 per
1198 1751 1343 1827 tempora

186 1847 321 1928 crines'3
342 1871 417 1912 mox
441 1849 533 1934 Prop.
562 1852 590 1914 4.
615 1848 643 1913 7.
667 1848 707 1912 27
732 1848 890 1933 ‘denique
916 1848 988 1932 quis
1014 1856 1122 1912 nostro
1149 1870 1284 1914 curuum
1311 1857 1344 1912 te

177 1951 297 2038 funere
322 1951 448 2017 uiditt’
472 1963 506 2016 et
527 1952 639 2016 Manil.
660 1968 698 2015 lv
722 1955 785 2015 845
801 1972 868 2036 sqq.
896 1950 993 2014 ‘haec
1016 1972 1146 2035 quoque
1169 1951 1261 2036 signa
1287 1973 1345 2016 suo

185 2057 306 2142 pariter
321 2079 395 2121 cum
411 2055 514 2121 sidere
526 2058 683 2140 languent
702 2054 706 2142 Ι
726 2057 901 2120 incuruata
912 2055 1010 2119 simul
1021 2054 1181 2141 solitoque
1193 2063 1346 2141 exempta

186 2159 291 2246 uigori
310 2159 314 2247 Ι
336 2168 369 2224 et
391 2161 484 2225 uelut
507 2161 626 2226 elotum
653 2160 808 2224 Phoeben
830 2160 864 2223 in
879 2160 1000 2246 funere
1022 2160 1187 2246 lugentt',
1206 2169 1344 2243 uterque

186 2261 299 2326 tritam
326 2262 415 2327 uiam
441 2263 672 2348 relinquentes,
698 2264 753 2328 sed
777 2263 957 2347 astrologus
979 2285 1082 2347 paene
1105 2262 1223 2329 Icarus
1269 2263 1344 2327 Pro·

186 2367 311 2452 pertius
331 2371 359 2433 3.
377 2371 427 2434 15.
444 2372 485 2434 39
507 2368 677 2455 ‘Antiope
692 2390 847 2454 cognosce
867 2366 997 2433 Iouem'
1017 2366 1048 2432 h.
1059 2389 1085 2432 e.
1106 2367 1212 2432 ‘Iouis
1233 2389 1344 2432 ueram

186 2472 385 2559 potentiam,'
406 2472 561 2536 Manilius
586 2489 608 2535 v
635 2474 676 2537 96
700 2479 821 2535 ‘morte
844 2472 958 2536 Iouem
984 2470 1115 2547 didicit‚'
1142 2471 1175 2535 id
1205 2472 1344 2536 uerbum

186 2574 274 2640 idern
293 2575 406 2640 eodem
421 2574 659 2661 detorquentes.
701 2598 777 2639 mox
797 2576 921 2639 ‘caeli..
940 2575 1019 2639 iter’
1042 2583 1179 2660 uterque
1199 2578 1225 2640 2.
1249 2579 1276 2640 1.
1295 2579 1345 2653 20,

187 2696 210 2742 v
227 2682 298 2745 655.
343 2679 496 2744 audacter
516 2679 701 2764 Propertius
717 2680 761 2762 (2.
779 2685 807 2744 5.
824 2678 864 2744 27
881 2680 1036 2744 ‘scribam
1053 2680 1156 2764 igitur
1174 2680 1260 2766 quod
1279 2702 1345 2743 non

187 2805 342 2868 umquam
363 2790 423 2847 tua
449 2781 557 2848 deleat
579 2783 701 2862 aetas'3
725 2781 781 2846 sed
802 2783 956 2847 audacius
978 2781 1133 2846 Manilius
1154 2800 1177 2845 v
1201 2786 1265 2849 398
1289 2783 1345 2848 ubi

187 2886 319 2972 quidam
334 2888 444 2953 tomos
459 2886 595 2974 legunt¹.
642 2887 775 2950 fortasse
796 2885 896 2950 etiam
919 2885 1106 2950 notissimus
1127 2886 1182 2951 ille
1198 2887 1345 2974 Properti

187 2989 275 3053 locus
290 2989 325 3052 in
336 3011 400 3076 quo
416 2998 449 3054 et
465 3012 523 3053 nos
539 3001 573 3054 et
589 2989 646 3054 alii
662 2990 782 3053 frustra
794 2987 1027 3053 desudauimus
1039 2989 1242 3073 interpretes,
1254 2994 1281 3054 2.
1295 2994 1344 3056 12.

188 3097 267 3178 5sq.
285 3092 387 3157 ‘idem
410 3115 475 3156 non
497 3094 617 3158 frustra
639 3102 791 3158 uentosas
812 3092 939 3157 addidit
954 3092 1021 3157 alas
1041 3091 1045 3180 Ι
1066 3094 1143 3159 fecit
1158 3102 1192 3158 et
1207 3095 1345 3160 humano

186 3197 278 3263 corde
292 3197 401 3261 uolare
423 3196 539 3262 deum’
555 3196 617 3261 loci
639 3196 811 3261 Maniliani
831 3198 859 3280 (Ι
879 3196 941 3262 717
963 3197 1216 3283 ‘inquiruntque
1236 3220 1347 3264 socrus

186 3300 323 3364 lumerto
342 3308 468 3385 pectore
487 3322 599 3365 causas
609 3301 631 3383 ')
647 3322 707 3385 ope
723 3300 987 3386 interpretandus
1003 3309 1106 3365 estut
1122 3301 1288 3366 sententia
1302 3301 1347 3366 sit

186 3403 382 3488 ‘sagacitate
403 3404 553 3488 quamuis
574 3402 718 3468 humana
738 3402 792 3467 dei
812 3411 963 3467 naturam
980 3405 1146 3489 perspexit
1161 3426 1346 3490 repraesen-

186 3507 354 3591 tauitque.’
399 3506 479 3571 haec
508 3507 535 3571 si
562 3506 840 3593 ἅνωμαλέστερον
866 3506 953 3571 diota
979 3529 1048 3571 esse
1078 3507 1287 3586 uidebuntur,
1311 3509 1347 3574 in

185 3609 274 3674 houd
293 3632 378 3674 eurio
398 3609 529 3674 Nodelli
547 3610 682 3675 inuento
699 3610 978 3695 acquiescendum.
1020 3632 1123 3696 paene
1139 3610 1259 3676 oblitus
1273 3634 1346 3677 sum

185 3713 382 3799 subiungere
397 3714 488 3780 modo
507 3715 700 3799 particulam
722 3715 883 3800 particula
898 3715 996 3781 etium
1011 3715 1116 3800 excipi
1135 3712 1222 3800 apud
1242 3717 1347 3783 Mani-

219 3907 335 3958 ¹durior
352 3907 432 3958 etiem
451 3908 559 3958 alterius
577 3908 650 3958 uerbi
669 3910 739 3971 apud
790 3907 1346 3972 1111151515’115111155111513111115515111115155

186 3989 351 4052 Propertium
380 3990 414 4050 (4.
437 3991 462 4038 5.
486 3989 527 4055 29)
557 4005 621 4039 usus
654 3989 676 4038 si
707 3990 740 4039 ab
791 4006 842 4054 qua
865 3991 1002 4042 stimulate
1023 4007 1097 4042 emor
1119 3992 1203 4041 maior
1224 3995 1346 4043 recurret.

186 4071 296 4121 Heinsio
307 4073 470 4121 aestimatore
481 4071 556 4121 uelet
566 4074 697 4121 stimulare
708 4072 740 4121 ab
791 4074 978 4124 conferendum
993 4074 1169 4124 Manilienum
1184 4074 1250 4124 illud
1265 4090 1282 4124 v
1299 4076 1346 4125 151

185 4151 740 4214 aliisaccipias-rectetsntumuerbainter·
793 4159 884 4218 ‘atque
899 4156 986 4206 odisse
997 4158 1081 4206 uirum
1095 4156 1242 4218 sterilisque
1257 4160 1347 4219 optare

185 4233 737 4298 pretenderunt-⁸exstimulareuirumpre-
790 4239 919 4288 lacertos)
939 4240 1024 4288 multo
1033 4238 1347 4298 oertefaoiliusOatullue,

186 4317 254 4367 tium
263 4315 338 4366 facit:
356 4316 532 4365 utereoausis:
549 4314 552 4382 Ι
567 4315 650 4366 maior
658 4316 739 4367 dilata
791 4321 837 4382 qni
851 4324 992 4382 utrumque
1006 4325 1187 4383 praecesserat,
1206 4321 1245 4372 63.
1261 4321 1276 4370 6
1293 4324 1346 4370 ‘re-

186 4401 264 4448 noote
273 4403 386 4449 resumet
398 4397 488 4448 amor?
510 4401 594 4448 uirum
605 4399 676 4448 enim
688 4399 740 4449 ‘ui
791 4400 983 4452 liotamembrs
994 4401 1135 4453 5111111513
