3074 5092
230 387 268 446 28
603 388 727 449 erVA
758 388 1012 448 MANILIANA.

229 594 335 657 neque
365 571 417 635 hic
448 572 488 635 de
518 593 722 658 quocumque
752 571 822 636 loco
852 571 962 659 agitur
992 572 1047 636 sed
1078 571 1119 636 de
1149 571 1231 638 coeli
1264 569 1389 637 uomica.

229 676 354 739 morin
371 699 399 741 u.
417 679 481 745 376
497 676 583 761 quod
599 676 720 761 legitur
740 676 843 754 illum,
864 677 927 741 etsi
947 677 1056 741 minus
1074 675 1259 741 offensionis
1279 675 1389 750 habet,

228 800 341 843 omnes
378 778 618 864 perspicuitatis
653 801 805 844 numeros
841 780 1098 866 haudquaquam
1134 780 1253 865 explet,
1285 800 1390 863 neque

231 880 375 967 praestat
390 881 471 945 illud
493 882 545 946 cui
565 881 672 948 modia
692 884 768 948 aluo
788 883 874 948 iuste
894 884 1097 970 respondeat.
1141 885 1263 969 quippe
1284 880 1318 946 in
1339 880 1390 944 his

229 1007 358 1078 quoque
374 987 522 1051 uersibus
537 985 619 1051 illud
635 986 753 1052 accidit
769 988 855 1072 quod
870 988 905 1052 in
921 989 1013 1054 Lucr.
1030 1006 1068 1053 1v
1083 978 1147 1054 490
1164 1010 1231 1073 sqq.
1244 989 1391 1071 (necesse

229 1099 275 1156 est
302 1113 457 1156 seorsum
485 1090 646 1173 (-colores)
677 1090 802 1158 -ua'dcre
832 1093 921 1172 edd.;
955 1093 1011 1158 sed
1038 1113 1169 1158 -naccssc
1196 1101 1240 1157 eat
1270 1090 1392 1156 -uidera'

230 1196 390 1279 (colores)
405 1218 538 1261 -aecessc
560 1205 605 1261 est
627 1196 768 1275 codices)
784 1198 936 1262 accidisse
959 1199 1118 1275 uidemus,
1139 1198 1225 1284 quod
1245 1197 1332 1262 idem
1355 1195 1390 1258 in

231 1301 361 1365 Manilii
376 1300 444 1364 loco
459 1316 498 1363 IV
514 1304 565 1378 38,
577 1304 619 1366 39
635 1301 770 1367 Iebbius
781 1304 869 1390 (Life
885 1305 925 1391 of
930 1305 1064 1391 Bentley
1078 1327 1107 1390 p.
1122 1309 1195 1383 145,
1207 1306 1244 1368 cf.
1257 1302 1391 1367 Ellisius

231 1407 321 1472 Noct.
342 1405 459 1471 Martii.
484 1429 514 1492 p.
536 1408 614 1491 116)
638 1417 671 1472 et
694 1409 728 1472 in
752 1410 824 1474 aliis
847 1399 991 1475 eiusdem
1014 1408 1291 1494 locis(1117sq.;
1317 1410 1389 1485 528,

233 1515 311 1594 530)
335 1535 393 1576 nos
422 1512 485 1598 ipsi
517 1512 639 1579 factum
672 1537 741 1579 esse
770 1516 939 1581 docuimus
965 1516 1225 1600 docebimusque,
1252 1512 1389 1577 alterius

232 1615 355 1681 scilicet
373 1638 486 1680 uersus
508 1617 650 1701 partein
666 1618 805 1683 alterum
822 1628 1026 1704 transgressa.
1073 1642 1148 1705 ergo
1163 1617 1337 1702 legendum
1352 1615 1391 1680 ab

232 1738 312 1786 ILLO
323 1722 417 1805 (374)
429 1730 462 1785 et
475 1738 611 1786 οΜΝΕΜ
620 1721 723 1805 (376).
760 1725 886 1789 litteras
897 1725 982 1810 ipsas
997 1747 1152 1790 uersuum
1167 1725 1193 1788 si
1209 1721 1391 1788 accuratius

231 1824 463 1902 numeraueris,
480 1825 629 1890 inuenies
644 1848 757 1891 uersus
772 1825 837 1892 374
853 1835 886 1892 et
906 1825 969 1894 376
989 1829 1159 1894 interiecto
1180 1849 1275 1892 uersu
1297 1826 1391 1910 (375)

233 1929 330 1992 unius
349 1928 500 1993 uocabuli
519 1930 625 2014 spatio
646 1951 714 1994 esse
734 1930 900 2014 longiores,
920 1931 1005 1995 unde
1022 1931 1144 1996 facilior
1164 1939 1302 2016 utroque
1322 1937 1391 1992 erat

233 2033 398 2098 transitus.
439 2033 474 2096 in
490 2055 519 2096 u.
530 2031 593 2098 375
609 2035 742 2099 rotundi
756 2043 844 2099 recte
859 2034 901 2099 ab
917 2036 1050 2121 optimis
1065 2034 1228 2099 codicibus
1240 2032 1391 2108 traditur,

234 2160 299 2202 non
311 2145 398 2203 recte
410 2138 452 2201 ab
463 2139 613 2203 omnibus
624 2140 787 2204 muudum.
821 2140 907 2224 quod
923 2149 1034 2204 tamen
1051 2139 1205 2203 audacius
1221 2136 1392 2202 Bentleius

233 2240 269 2305 in
294 2250 418 2307 tuntum
445 2242 608 2306 mutauit:
634 2251 671 2307 tu
696 2244 730 2305 in
757 2244 876 2308 mund]
896 2245 1006 2329 potius
1029 2245 1175 2308 emenda.
1221 2242 1321 2306 uerba
1344 2241 1392 2304 ita

234 2345 461 2431 coniungenda
480 2344 671 2409 ‘dimidium
690 2368 708 2409 e
730 2356 798 2411 toto
821 2347 898 2411 orbe
921 2347 1052 2411 rotundi
1075 2345 1205 2411 mundi’
1229 2368 1303 2410 curn
1327 2366 1392 2408 non

233 2449 462 2533 intellegerent
479 2448 610 2526 librarii,
620 2448 803 2514 ‘mundum’
819 2451 1026 2536 scripserunt,
1038 2450 1232 2515 Vossianum
1248 2449 1389 2534 primum

234 2552 291 2638 qui
312 2551 481 2636 descripsit
502 2551 583 2615 uitio
605 2551 726 2616 uitium
748 2554 940 2629 cumulauit,
961 2576 1036 2618 cum
1059 2553 1266 2618 ‘rotundum’
1291 2552 1391 2616 etiam

235 2656 406 2720 refinxerit.
453 2678 549 2732 nunc,
579 2656 683 2733 credo,
713 2657 822 2722 omnia
847 2657 882 2721 in
909 2660 1078 2743 perspicuo
1109 2666 1214 2735 erunt,
1238 2657 1279 2721 ad
1304 2656 1391 2719 hunc

235 2758 367 2824 modum
383 2766 598 2845 perpurgata:
1368 2772 1369 2775 ’

690 2925 767 2967 nam
790 2904 938 2989 quisquis
959 2913 1084 2990 spectat
1107 2906 1149 2970 ab
1172 2923 1260 2981 1LLO,

367 3008 539 3073 dimidium
563 3030 580 3072 e
603 3016 673 3072 toto
697 3008 814 3071 mundl
837 3009 929 3073 uidet
951 3009 1026 3074 orbe
1050 3010 1191 3086 rotundi,

367 3136 440 3199 pars
463 3114 545 3178 latet
567 3113 715 3193 inferior3
744 3135 851 3198 neque
875 3115 963 3178 enim
985 3105 1200 3179 circumuenit
1219 3130 1344 3178 OMNEM

367 3227 456 3284 recta
478 3219 563 3284 acies
585 3228 615 3285 et
637 3243 664 3305 q.
687 3243 711 3285 s.

302 3406 424 3450 omnem
441 3384 527 3448 idem
548 3382 637 3449 ualet
652 3405 690 3447 ac
706 3383 846 3459 ‘totum'
864 3384 944 3447 conf.
961 3406 990 3448 u.
1007 3381 1089 3462 3273
1111 3391 1211 3468 atque
1230 3383 1280 3446 bis
1301 3382 1392 3446 adso·

237 3498 353 3553 nantes
376 3488 439 3552 sibi
458 3488 493 3552 in
514 3488 578 3552 fine
599 3488 694 3551 uoces
716 3487 1002 3553 muudi-rotundi
1022 3510 1063 3552 ne
1086 3488 1149 3552 tibi
1172 3489 1255 3552 forte
1278 3487 1392 3572 displi-

238 3600 341 3668 ceant,
367 3592 487 3655 similia
512 3591 752 3655 coniunxerunt
780 3591 951 3656 Lucretius
971 3596 1000 3657 3.
1025 3594 1098 3668 336,
1121 3591 1287 3678 Vergilius
1310 3590 1392 3655 Aea.

238 3699 267 3762 9.
285 3699 357 3773 634,
373 3695 560 3780 Propertius
575 3711 588 3758 Ι
605 3698 633 3760 8.
651 3698 701 3771 11,
719 3697 768 3761 17.
786 3700 815 3774 5,
830 3696 895 3761 alii.

304 3886 346 3934 111
364 3872 424 3934 525
441 3891 508 3955 sqq.

369 3997 487 4063 idcirco
509 4005 603 4062 tanta
625 4006 675 4062 est
696 4020 805 4063 rerum
828 3998 986 4062 discordia
1007 3997 1043 4062 in
1065 4021 1147 4063 aeuo
1332 4004 1393 4064 525

371 4113 404 4169 et
426 4104 580 4170 subtexta
602 4103 696 4169 malis
718 4105 802 4169 bona
825 4113 902 4168 sunt
924 4104 1139 4191 lacrimaeque
1162 4112 1345 4190 sequuntur

368 4217 454 4286 uota,
477 4230 537 4272 nec
558 4207 593 4272 in
616 4217 749 4272 cunctos
771 4217 882 4273 seruat
905 4210 1035 4273 fortuna
1057 4218 1213 4274 tenorem.

369 4334 471 4397 usque
494 4311 575 4376 adeo
596 4312 759 4397 permixta
780 4311 864 4391 fluit,
887 4336 946 4378 nec
968 4321 1138 4399 permanet
1160 4335 1299 4399 usquam

370 4418 543 4504 amisitque
567 4418 664 4482 fidem
688 4417 843 4483 uariando
865 4427 984 4483 cuncta
1005 4441 1063 4504 per
1085 4418 1197 4482 omnis.
