3074 5092
193 345 232 402 48
568 347 691 406 SILVA
720 349 979 407 MANJLJANA.

192 526 276 591 lium
297 544 312 592 1
332 531 506 595 898-906
526 528 583 594 ubi
605 529 715 595 uerbis
735 538 902 596 ‘externas
917 532 1010 597 modo
1030 554 1090 618 per
1108 533 1241 620 gentes’
1255 533 1359 598 uerba

190 632 317 697 ‘ciuilis
332 635 429 698 etiam
443 643 552 699 motus
565 644 766 720 cognataque
781 635 867 700 belia
887 635 892 722 Ι
910 637 1113 721 significant'
1128 639 1249 723 opponi
1266 648 1357 704 recte

194 747 306 800 monet
320 736 534 822 Tappertzius
548 741 592 823 (p.
606 741 671 820 30).
708 739 796 803 unde
811 749 949 825 apparet
962 763 1022 825 per
1034 741 1268 825 grammaticae
1284 743 1356 828 qui-

158 924 160 928 ⁴
192 839 267 904 dem
283 842 370 928 leges
385 864 469 926 quae
487 843 523 905 in
538 842 687 928 Properti
701 843 805 928 primo
819 845 963 908 carmine
978 867 1033 910 uu
1052 849 1181 910 11-13
1196 847 1356 932 praebent

192 944 318 1008 codices
336 945 433 1009 licere
448 944 531 1024 dici;
556 946 597 1009 de
612 946 777 1010 sententia
796 969 874 1010 uero
892 947 1076 1012 andiendus
1095 949 1231 1014 fortasse
1247 951 1357 1016 Hous-

191 1071 331 1113 mannus
353 1049 510 1131 (errnat
535 1050 576 1136 os
595 1049 768 1135 Philolopy
790 1060 812 1114 t
836 1051 901 1116 xvi
924 1073 977 1136 pp.
1000 1055 1041 1117 19
1057 1052 1164 1137 sqq.)¹.
1220 1054 1287 1117 iarn
1314 1054 1355 1118 de

190 1151 357 1216 uocabulis
371 1152 537 1236 aliquibus
551 1175 600 1218 ex.
615 1176 660 1237 gr.
675 1175 793 1231 census,
804 1161 839 1216 et
849 1175 913 1238 per
926 1161 960 1217 et
975 1153 1032 1218 aab
1052 1155 1355 1241 praepositionibus,

191 1256 311 1342 quibus
339 1265 479 1342 uterque
508 1257 643 1342 scriptor
669 1257 788 1320 mirum
811 1257 846 1320 in
868 1257 1010 1333 modum,
1033 1258 1059 1321 si
1083 1260 1354 1324 consuetudinem

190 1368 326 1444 spectes,
349 1358 507 1436 abutitur,
529 1381 633 1445 pauca
658 1358 830 1423 additurus
855 1381 962 1439 eram3
992 1359 1049 1423 sed
1074 1359 1258 1446 legentibus
1282 1385 1354 1446 par-

189 1463 337 1529 cendum.

255 1593 280 1641 v
304 1579 368 1642 183
382 1599 428 1662 sq.

319 1702 449 1766 quaque
470 1689 541 1744 erat
564 1681 711 1743 Actaeon
733 1678 826 1742 siluis
847 1677 1045 1742 metuendus
1066 1687 1100 1743 et
1122 1688 1201 1744 ant-e

320 1805 419 1870 quam
442 1782 578 1847 canibus
599 1803 686 1846 noua
706 1781 828 1867 praeda
850 1782 923 1846 fnit.

254 1940 312 2003 pro
334 1939 489 2002 quaterque
510 1915 597 2001 quod
617 1915 741 1980 habent
760 1914 885 1979 codices
905 1914 991 1979 male
1011 1937 1032 1979 a
1050 1915 1216 1981 Gronouio
1229 1939 1355 2002 qnapae

189 2031 359 2108 acceptum
375 2031 432 2087 est.
477 2021 651 2106 legendum
668 2038 793 2105 Quique.
838 2019 1003 2083 sententia
1017 2029 1082 2084 est:
1104 2020 1232 2084 ‘colunt
1248 2020 1350 2086 Mele-

189 2149 301 2212 agrum
326 2127 503 2191 Herculem
526 2125 729 2202 Atalantam,
751 2125 852 2188 etiam
876 2124 1087 2202 Actaeonem,
1111 2123 1203 2187 illurn
1228 2125 1354 2190 scilicet

189 2234 247 2319 qui
263 2233 356 2298 siluis
371 2231 577 2308 metuendus,
593 2253 658 2295 non
673 2231 767 2294 illum
783 2230 841 2314 qui
856 2251 973 2294 canum
989 2230 1110 2315 praeda
1124 2230 1212 2295 erat’

254 2383 277 2428 V
439 2417 446 2431 .

300 2368 567 2555 2iiiiasqsirbdente
590 2468 691 2531 facem
716 2467 811 2530 terris
833 2465 1003 2550 radiosque
1025 2471 1180 2529 mouente

318 2575 453 2638 dimicat
474 2573 509 2636 in
532 2573 656 2637 cineres
678 2571 765 2636 orbis
787 2571 957 2655 fatumque
980 2590 1168 2653 supremum

318 2677 453 2742 sortitur

254 2802 325 2886 lege
349 2798 532 2865 dmniGRat.
579 2796 665 2862 orbis
688 2797 720 2860 in
744 2795 892 2860 fauillam
915 2793 994 2859 abit.

253 2928 278 2976 v
302 2914 366 2975 280
381 2932 427 2995 sq.

319 3024 353 3081 et
375 3015 402 3079 si
425 3014 507 3079 forte
529 3013 619 3078 labor
641 3012 725 3076 ruris
747 3010 928 3076 tardauerit
949 3018 1036 3074 artes

318 3119 391 3206 quis
413 3117 483 3182 sine
506 3116 597 3181 nulla
619 3115 726 3192 Ceres,
750 3137 816 3179 non
838 3113 925 3179 ullus
947 3113 1080 3178 seminis
1103 3135 1181 3176 usus

253 3251 370 3337 Spicae
385 3250 474 3314 sidus
489 3248 556 3313 suis
571 3247 730 3333 partubus
748 3267 846 3332 opera
864 3242 1014 3309 bifariam
1033 3241 1211 3319 distribuit,
1226 3241 1278 3306 his
1292 3243 1352 3327 qui

186 3357 360 3424 ualidiores
384 3356 451 3421 sint
474 3363 511 3419 ut
530 3354 614 3418 ruris
634 3351 760 3417 colendi
780 3350 924 3415 laborem
944 3347 1131 3432 suscipiant,
1152 3346 1217 3410 illis
1237 3354 1350 3411 autern

189 3474 224 3529 ut
247 3484 331 3549 quae
353 3460 549 3526 domesticae
571 3457 638 3522 sint
658 3464 692 3520 et
712 3454 754 3519 ad
773 3476 895 3540 penum
918 3451 1020 3537 magis
1041 3450 1244 3536 pertinentes
1264 3460 1351 3514 artes

186 3575 371 3653 sequantur.
416 3561 502 3648 quod
519 3557 757 3625 senescentium
773 3556 876 3641 magis
897 3554 959 3619 erit
980 3562 1014 3618 et
1036 3553 1092 3617 illo
1112 3551 1221 3617 labore
1241 3551 1350 3616 tarda-

186 3683 303 3738 torum.
348 3671 459 3756 itaque
490 3689 547 3753 pro
576 3664 686 3730 ‘ruris'
715 3659 939 3750 reponendum
968 3657 1053 3723 uiris
1089 3679 1129 3722 ex
1160 3656 1351 3720 melioribus

186 3775 350 3844 codicibus
366 3783 399 3840 et
414 3769 714 3858 interpungendum

403 3895 437 3951 et
459 3884 486 3949 si
510 3884 591 3948 forte
613 3880 704 3946 labor
726 3878 810 3944 ciris
832 3874 1022 3950 tardauerit,
1043 3881 1131 3937 artes

404 3989 477 4075 quis
500 3987 571 4052 sine
593 3984 686 4050 nulla
707 3981 806 4050 Ceres
829 3989 857 4046 et
880 4002 906 4064 q.
930 4001 954 4043 c.

217 4122 298 4172 ¹rsm
311 4115 476 4169 incertiorem
493 4113 594 4164 faciunt
605 4116 631 4162 et
642 4111 741 4176 Hylaei
792 4121 851 4157 oum
872 4103 915 4153 hic
934 4117 1032 4153 romum
1050 4099 1178 4159 cantuum,
1198 4099 1244 4149 ille
1262 4116 1350 4150 orcum

185 4220 217 4257 ar
234 4203 353 4254 codicum
368 4200 443 4264 potiit
462 4210 517 4247 non
534 4194 592 4245 sino
609 4193 637 4244 ui
653 4192 742 4254 aliqua
792 4188 985 4239 commemoret.
1021 4184 1067 4246 qui
1076 4183 1100 4233 si
1111 4182 1275 4246 Propertium
1289 4183 1348 4232 imi.

185 4289 289 4338 erutum
314 4286 340 4333 et
364 4277 443 4332 Ouidi
466 4278 539 4328 iocus
564 4277 615 4342 (arr
643 4289 693 4324 am.
717 4273 741 4322 2.
792 4272 872 4332 tatur,
890 4283 987 4319 ramum
1006 4266 1083 4317 utin
1103 4264 1183 4315 uerbo
1202 4264 1279 4315 ludat
1301 4281 1348 4329 pro

186 4366 233 4420 lot
245 4369 322 4430 μαψ),
334 4360 496 4414 coniecturae
507 4356 579 4408 iilius
587 4353 741 4413 subsidium,
792 4351 899 4403 arbitrio
911 4350 1093 4400 commutauit.

185 4464 244 4503 cum
257 4444 392 4513 Propertio
404 4456 457 4495 non
467 4440 576 4493 omnino
587 4450 740 4502 congruens,
