<?xml version="1.0" encoding="UTF-8"?>
<!DOCTYPE html PUBLIC "-//W3C//DTD XHTML 1.0 Transitional//EN"
    "http://www.w3.org/TR/xhtml1/DTD/xhtml1-transitional.dtd">
<html xmlns="http://www.w3.org/1999/xhtml" xml:lang="en" lang="en">
 <head>
  <title>
</title>
<meta http-equiv="Content-Type" content="text/html;charset=utf-8" />
  <meta name='ocr-system' content='tesseract 3.04.00' />
  <meta name='ocr-capabilities' content='ocr_page ocr_carea ocr_par ocr_line ocrx_word'/>
</head>
<body>
  <div class='ocr_page' id='page_1' title='image "./silvamaniliana00postgoog_0033.png"; bbox 0 0 3074 5092; ppageno 0'>
   <div class='ocr_carea' id='block_1_1' title="bbox 246 378 1028 439">
    <p class='ocr_par' dir='ltr' id='par_1_1' title="bbox 246 378 1028 439">
     <span class='ocr_line' id='line_1_1' title="bbox 246 378 1028 439; baseline -0.001 -2"><span class='ocrx_word' id='word_1_1' title='bbox 246 379 284 438; x_wconf 86' lang='lat'>20</span> <span class='ocrx_word' id='word_1_2' title='bbox 615 379 738 439; x_wconf 81' lang='lat' dir='ltr'><em>SILVA</em></span> <span class='ocrx_word' id='word_1_3' title='bbox 768 378 1028 437; x_wconf 81' lang='lat' dir='ltr'><em>MANILIANA.</em></span> 
     </span>
    </p>
   </div>
   <div class='ocr_carea' id='block_1_2' title="bbox 376 557 1408 1271">
    <p class='ocr_par' dir='ltr' id='par_1_2' title="bbox 376 557 1276 646">
     <span class='ocr_line' id='line_1_2' title="bbox 376 557 1276 646; baseline -0.002 -22"><span class='ocrx_word' id='word_1_4' title='bbox 376 568 479 646; x_wconf 90' lang='lat' dir='ltr'>utque</span> <span class='ocrx_word' id='word_1_5' title='bbox 502 569 547 626; x_wconf 79' lang='lat' dir='ltr'>cat</span> <span class='ocrx_word' id='word_1_6' title='bbox 568 582 608 624; x_wconf 87' lang='lat' dir='ltr'>ex</span> <span class='ocrx_word' id='word_1_7' title='bbox 631 559 721 624; x_wconf 88' lang='lat' dir='ltr'>omni</span> <span class='ocrx_word' id='word_1_8' title='bbox 744 567 950 625; x_wconf 85' lang='lat' dir='ltr'>constructus</span> <span class='ocrx_word' id='word_1_9' title='bbox 972 581 1102 645; x_wconf 87' lang='lat' dir='ltr'>corpore</span> <span class='ocrx_word' id='word_1_10' title='bbox 1125 557 1276 636; x_wconf 83' lang='lat' dir='ltr'>mundus,</span> 
     </span>
    </p>

    <p class='ocr_par' dir='ltr' id='par_1_3' title="bbox 377 663 1282 752">
     <span class='ocr_line' id='line_1_3' title="bbox 377 663 1282 752; baseline -0.001 -23"><span class='ocrx_word' id='word_1_11' title='bbox 377 665 518 730; x_wconf 86' lang='lat' dir='ltr'>aetheris</span> <span class='ocrx_word' id='word_1_12' title='bbox 540 674 640 751; x_wconf 86' lang='lat' dir='ltr'>atque</span> <span class='ocrx_word' id='word_1_13' title='bbox 663 665 751 752; x_wconf 84' lang='lat' dir='ltr'>ignis</span> <span class='ocrx_word' id='word_1_14' title='bbox 774 664 893 729; x_wconf 85' lang='lat' dir='ltr'>summi</span> <span class='ocrx_word' id='word_1_15' title='bbox 916 674 1088 749; x_wconf 83' lang='lat' dir='ltr'>terraeque</span> <span class='ocrx_word' id='word_1_16' title='bbox 1111 663 1282 749; x_wconf 84' lang='lat' dir='ltr'>marisque,</span> 
     </span>
    </p>

    <p class='ocr_par' dir='ltr' id='par_1_4' title="bbox 379 766 1408 853">
     <span class='ocr_line' id='line_1_4' title="bbox 379 766 1408 853; baseline -0.002 -22"><span class='ocrx_word' id='word_1_17' title='bbox 379 767 513 853; x_wconf 88' lang='lat' dir='ltr'>spiritus</span> <span class='ocrx_word' id='word_1_18' title='bbox 536 784 596 831; x_wconf 79' lang='lat' dir='ltr'>EST</span> <span class='ocrx_word' id='word_1_19' title='bbox 617 774 725 831; x_wconf 85' lang='lat' dir='ltr'>totum</span> <span class='ocrx_word' id='word_1_20' title='bbox 748 767 863 853; x_wconf 86' lang='lat' dir='ltr'>rapidE</span> <span class='ocrx_word' id='word_1_21' title='bbox 886 784 952 830; x_wconf 83' lang='lat' dir='ltr'>PER</span> <span class='ocrx_word' id='word_1_22' title='bbox 974 767 1061 831; x_wconf 83' lang='lat' dir='ltr'>iussa</span> <span class='ocrx_word' id='word_1_23' title='bbox 1083 766 1286 853; x_wconf 81' lang='lat' dir='ltr'>gubernANS,</span> <span class='ocrx_word' id='word_1_24' title='bbox 1343 767 1408 830; x_wconf 88' lang='grc'>890</span> 
     </span>
    </p>

    <p class='ocr_par' dir='ltr' id='par_1_5' title="bbox 378 871 1128 957">
     <span class='ocr_line' id='line_1_5' title="bbox 378 871 1128 957; baseline -0.001 -22"><span class='ocrx_word' id='word_1_25' title='bbox 378 871 423 936; x_wconf 86' lang='lat' dir='ltr'>sic</span> <span class='ocrx_word' id='word_1_26' title='bbox 445 893 513 936; x_wconf 89' lang='lat' dir='ltr'>esse</span> <span class='ocrx_word' id='word_1_27' title='bbox 535 871 570 936; x_wconf 89' lang='lat' dir='ltr'>in</span> <span class='ocrx_word' id='word_1_28' title='bbox 592 871 685 935; x_wconf 86' lang='lat' dir='ltr'>nobis</span> <span class='ocrx_word' id='word_1_29' title='bbox 707 879 854 936; x_wconf 77' lang='lat' dir='ltr'>terrenae</span> <span class='ocrx_word' id='word_1_30' title='bbox 877 893 1009 957; x_wconf 83' lang='lat' dir='ltr'>corpora</span> <span class='ocrx_word' id='word_1_31' title='bbox 1032 871 1128 936; x_wconf 84' lang='lat' dir='ltr'>sortis</span> 
     </span>
    </p>

    <p class='ocr_par' dir='ltr' id='par_1_6' title="bbox 382 974 1408 1144">
     <span class='ocr_line' id='line_1_6' title="bbox 382 974 1408 1060; baseline -0.004 -20"><span class='ocrx_word' id='word_1_32' title='bbox 382 974 651 1060; x_wconf 80' lang='lat' dir='ltr'>sanguineanue</span> <span class='ocrx_word' id='word_1_33' title='bbox 681 975 828 1051; x_wconf 73' lang='lat' dir='ltr'>animari,</span> <span class='ocrx_word' id='word_1_34' title='bbox 855 991 934 1038; x_wconf 83' lang='lat' dir='ltr'>ESSE</span> <span class='ocrx_word' id='word_1_35' title='bbox 964 975 1105 1039; x_wconf 88' lang='lat' dir='ltr'>animuM</span> <span class='ocrx_word' id='word_1_36' title='bbox 1128 975 1184 1060; x_wconf 89' lang='lat' dir='ltr'>qui</span> <span class='ocrx_word' id='word_1_37' title='bbox 1208 981 1326 1038; x_wconf 83' lang='lat' dir='ltr'>cuncta</span> <span class='ocrx_word' id='word_1_38' title='bbox 1346 994 1408 1059; x_wconf 87' lang='lat' dir='ltr'>gu-</span> 
     </span>
     <span class='ocr_line' id='line_1_7' title="bbox 464 1080 580 1144; baseline 0 0"><span class='ocrx_word' id='word_1_39' title='bbox 464 1080 580 1144; x_wconf 86' lang='lat' dir='ltr'>bernat</span> 
     </span>
    </p>

    <p class='ocr_par' dir='ltr' id='par_1_7' title="bbox 380 1183 822 1271">
     <span class='ocr_line' id='line_1_8' title="bbox 380 1183 822 1271; baseline -0.002 -22"><span class='ocrx_word' id='word_1_40' title='bbox 380 1184 609 1271; x_wconf 83' lang='lat' dir='ltr'>dispensatque</span> <span class='ocrx_word' id='word_1_41' title='bbox 632 1183 822 1248; x_wconf 70' lang='lat' dir='ltr'>hominem?</span> 
     </span>
    </p>
   </div>
   <div class='ocr_carea' id='block_1_3' title="bbox 251 1335 1410 2049">
    <p class='ocr_par' dir='ltr' id='par_1_8' title="bbox 251 1335 1410 2049">
     <span class='ocr_line' id='line_1_9' title="bbox 315 1335 1410 1424; baseline -0.005 -20"><span class='ocrx_word' id='word_1_42' title='bbox 315 1341 395 1405; x_wconf 89' lang='lat' dir='ltr'>haec</span> <span class='ocrx_word' id='word_1_43' title='bbox 410 1348 488 1403; x_wconf 86' lang='lat' dir='ltr'>sunt</span> <span class='ocrx_word' id='word_1_44' title='bbox 503 1361 587 1424; x_wconf 89' lang='lat' dir='ltr'>quae</span> <span class='ocrx_word' id='word_1_45' title='bbox 603 1339 643 1402; x_wconf 91' lang='lat' dir='ltr'>de</span> <span class='ocrx_word' id='word_1_46' title='bbox 659 1337 737 1402; x_wconf 86' lang='lat' dir='ltr'>locis</span> <span class='ocrx_word' id='word_1_47' title='bbox 753 1359 772 1401; x_wconf 84' lang='lat' dir='ltr'>a</span> <span class='ocrx_word' id='word_1_48' title='bbox 788 1338 940 1403; x_wconf 89' lang='lat' dir='ltr'>Bentleic</span> <span class='ocrx_word' id='word_1_49' title='bbox 961 1338 1082 1403; x_wconf 85' lang='lat' dir='ltr'>iniuria</span> <span class='ocrx_word' id='word_1_50' title='bbox 1101 1360 1159 1423; x_wconf 88' lang='lat' dir='ltr'>pro</span> <span class='ocrx_word' id='word_1_51' title='bbox 1180 1336 1297 1422; x_wconf 88' lang='lat' dir='ltr'>spuriis</span> <span class='ocrx_word' id='word_1_52' title='bbox 1317 1335 1410 1400; x_wconf 86' lang='lat' dir='ltr'>dam-</span> 
     </span>
     <span class='ocr_line' id='line_1_10' title="bbox 251 1440 1409 1527; baseline -0.005 -18"><span class='ocrx_word' id='word_1_53' title='bbox 251 1445 338 1509; x_wconf 84' lang='lat' dir='ltr'>natis</span> <span class='ocrx_word' id='word_1_54' title='bbox 362 1444 467 1508; x_wconf 88' lang='lat' dir='ltr'>dicere</span> <span class='ocrx_word' id='word_1_55' title='bbox 491 1443 666 1507; x_wconf 83' lang='lat' dir='ltr'><strong>habuimus</strong></span> <span class='ocrx_word' id='word_1_56' title='bbox 689 1442 753 1506; x_wconf 88' lang='lat' dir='ltr'>nisi</span> <span class='ocrx_word' id='word_1_57' title='bbox 777 1442 864 1527; x_wconf 92' lang='lat' dir='ltr'>quod</span> <span class='ocrx_word' id='word_1_58' title='bbox 888 1443 923 1506; x_wconf 90' lang='lat' dir='ltr'>in</span> <span class='ocrx_word' id='word_1_59' title='bbox 946 1443 1033 1508; x_wconf 87' lang='lat' dir='ltr'>hunc</span> <span class='ocrx_word' id='word_1_60' title='bbox 1060 1464 1231 1506; x_wconf 88' lang='lat' dir='ltr'>numerum</span> <span class='ocrx_word' id='word_1_61' title='bbox 1257 1440 1409 1505; x_wconf 81' lang='lat' dir='ltr'>accedere</span> 
     </span>
     <span class='ocr_line' id='line_1_11' title="bbox 251 1547 1409 1634; baseline -0.004 -21"><span class='ocrx_word' id='word_1_62' title='bbox 251 1549 417 1614; x_wconf 89' lang='lat' dir='ltr'>debebunt</span> <span class='ocrx_word' id='word_1_63' title='bbox 447 1548 521 1614; x_wconf 88' lang='lat' dir='ltr'>libri</span> <span class='ocrx_word' id='word_1_64' title='bbox 552 1548 658 1634; x_wconf 90' lang='lat' dir='ltr'>quinti</span> <span class='ocrx_word' id='word_1_65' title='bbox 688 1549 833 1633; x_wconf 90' lang='lat' dir='ltr'>quinque</span> <span class='ocrx_word' id='word_1_66' title='bbox 863 1547 926 1612; x_wconf 90' lang='lat' dir='ltr'>loci</span> <span class='ocrx_word' id='word_1_67' title='bbox 957 1551 1030 1625; x_wconf 75' lang='lat'>302,</span> <span class='ocrx_word' id='word_1_68' title='bbox 1061 1551 1125 1612; x_wconf 88' lang='grc'>338</span> <span class='ocrx_word' id='word_1_69' title='bbox 1150 1569 1206 1632; x_wconf 70' lang='lat' dir='ltr'>sq„</span> <span class='ocrx_word' id='word_1_70' title='bbox 1236 1549 1309 1622; x_wconf 79' lang='lat'><strong>483,</strong></span> <span class='ocrx_word' id='word_1_71' title='bbox 1333 1548 1409 1623; x_wconf 75' lang='lat'><em>494,</em></span> 
     </span>
     <span class='ocr_line' id='line_1_12' title="bbox 254 1648 1409 1738; baseline -0.004 -21"><span class='ocrx_word' id='word_1_72' title='bbox 254 1657 316 1718; x_wconf 87' lang='lat'>530</span> <span class='ocrx_word' id='word_1_73' title='bbox 348 1676 401 1737; x_wconf 72' lang='lat' dir='ltr'>sq„</span> <span class='ocrx_word' id='word_1_74' title='bbox 433 1653 473 1718; x_wconf 93' lang='lat' dir='ltr'>de</span> <span class='ocrx_word' id='word_1_75' title='bbox 503 1654 623 1738; x_wconf 84' lang='lat' dir='ltr'>quibus</span> <span class='ocrx_word' id='word_1_76' title='bbox 653 1653 688 1717; x_wconf 90' lang='lat' dir='ltr'>in</span> <span class='ocrx_word' id='word_1_77' title='bbox 719 1652 826 1737; x_wconf 90' lang='lat' dir='ltr'>capite</span> <span class='ocrx_word' id='word_1_78' title='bbox 855 1669 884 1716; x_wconf 92' lang='lat'>11</span> <span class='ocrx_word' id='word_1_79' title='bbox 914 1652 1048 1718; x_wconf 87' lang='lat' dir='ltr'>dicetur.</span> <span class='ocrx_word' id='word_1_80' title='bbox 1100 1651 1205 1715; x_wconf 87' lang='lat' dir='ltr'>multa</span> <span class='ocrx_word' id='word_1_81' title='bbox 1234 1648 1343 1734; x_wconf 84' lang='lat' dir='ltr'>spuria</span> <span class='ocrx_word' id='word_1_82' title='bbox 1374 1649 1409 1712; x_wconf 92' lang='lat' dir='ltr'>in</span> 
     </span>
     <span class='ocr_line' id='line_1_13' title="bbox 254 1755 1409 1842; baseline -0.003 -22"><span class='ocrx_word' id='word_1_83' title='bbox 254 1757 388 1821; x_wconf 85' lang='lat' dir='ltr'>Manilio</span> <span class='ocrx_word' id='word_1_84' title='bbox 404 1757 498 1836; x_wconf 86' lang='lat' dir='ltr'>tradi,</span> <span class='ocrx_word' id='word_1_85' title='bbox 510 1759 544 1820; x_wconf 90' lang='lat' dir='ltr'>in</span> <span class='ocrx_word' id='word_1_86' title='bbox 560 1779 661 1842; x_wconf 90' lang='lat' dir='ltr'>eoque</span> <span class='ocrx_word' id='word_1_87' title='bbox 678 1779 813 1821; x_wconf 89' lang='lat' dir='ltr'>numero</span> <span class='ocrx_word' id='word_1_88' title='bbox 828 1755 988 1841; x_wconf 85' lang='lat' dir='ltr'>quaedam</span> <span class='ocrx_word' id='word_1_89' title='bbox 1005 1755 1154 1820; x_wconf 89' lang='lat' dir='ltr'>Bentleic</span> <span class='ocrx_word' id='word_1_90' title='bbox 1169 1777 1234 1818; x_wconf 88' lang='lat' dir='ltr'>non</span> <span class='ocrx_word' id='word_1_91' title='bbox 1249 1762 1409 1839; x_wconf 83' lang='lat' dir='ltr'>suspecta,</span> 
     </span>
     <span class='ocr_line' id='line_1_14' title="bbox 254 1858 1409 1945; baseline -0.003 -21"><span class='ocrx_word' id='word_1_92' title='bbox 254 1861 361 1924; x_wconf 87' lang='lat' dir='ltr'>nullus</span> <span class='ocrx_word' id='word_1_93' title='bbox 382 1860 504 1925; x_wconf 82' lang='lat' dir='ltr'>dubito.</span> <span class='ocrx_word' id='word_1_94' title='bbox 550 1860 606 1925; x_wconf 88' lang='lat' dir='ltr'>sed</span> <span class='ocrx_word' id='word_1_95' title='bbox 627 1882 739 1924; x_wconf 88' lang='lat' dir='ltr'>omnes</span> <span class='ocrx_word' id='word_1_96' title='bbox 759 1858 1001 1945; x_wconf 79' lang='lat' dir='ltr'>probabilitatis</span> <span class='ocrx_word' id='word_1_97' title='bbox 1015 1881 1168 1923; x_wconf 87' lang='lat' dir='ltr'>numeros</span> <span class='ocrx_word' id='word_1_98' title='bbox 1183 1865 1342 1944; x_wconf 79' lang='lat' dir='ltr'>euagatus</span> <span class='ocrx_word' id='word_1_99' title='bbox 1358 1864 1409 1920; x_wconf 84' lang='lat' dir='ltr'>est</span> 
     </span>
     <span class='ocr_line' id='line_1_15' title="bbox 253 1962 1122 2049; baseline 0.002 -22"><span class='ocrx_word' id='word_1_100' title='bbox 253 1964 304 2027; x_wconf 91' lang='lat' dir='ltr'>uir</span> <span class='ocrx_word' id='word_1_101' title='bbox 320 1964 433 2028; x_wconf 89' lang='lat' dir='ltr'>doctus</span> <span class='ocrx_word' id='word_1_102' title='bbox 448 1985 522 2028; x_wconf 89' lang='lat' dir='ltr'>cum</span> <span class='ocrx_word' id='word_1_103' title='bbox 537 1981 632 2028; x_wconf 83' lang='lat' dir='ltr'>chx</span> <span class='ocrx_word' id='word_1_104' title='bbox 648 1964 796 2027; x_wconf 84' lang='lat' dir='ltr'>uersibus</span> <span class='ocrx_word' id='word_1_105' title='bbox 811 1963 906 2027; x_wconf 89' lang='lat' dir='ltr'>theta</span> <span class='ocrx_word' id='word_1_106' title='bbox 920 1962 1122 2049; x_wconf 84' lang='lat' dir='ltr'>praefigeret.</span> 
     </span>
    </p>
   </div>
   <div class='ocr_carea' id='block_1_4' title="bbox 0 0 1556 5092">
    <p class='ocr_par' dir='ltr' id='par_1_9' title="bbox 0 0 1556 5092">
     <span class='ocr_line' id='line_1_16' title="bbox 0 0 1556 5092; baseline 0 0"><span class='ocrx_word' id='word_1_107' title='bbox 0 0 1556 5092; x_wconf 95' lang='lat' dir='ltr'> </span> 
     </span>
    </p>
   </div>
  </div>
 </body>
</html>
