3074 5092
491 329 614 390 SILVA
644 328 901 388 MANILIANA.
1237 322 1275 384 17

184 512 225 577 de
255 536 285 577 u.
319 515 383 578 890
414 521 501 577 reete
535 511 675 590 Ellisius,
708 512 825 577 laeobo
861 512 1043 598 ceterisque
1079 512 1276 590 adsentiens,

120 624 137 650 “
150 617 329 693 Bentleius,
360 626 398 682 ut
430 617 577 703 spurium
609 618 714 695 eiecit,
750 618 898 704 quamvis
929 617 1059 683 sublato
1091 618 1156 682 isto
1193 616 1279 681 desit

119 721 242 806 aliquid
273 721 314 785 ad
345 721 648 807 comparationem.''
704 721 792 786 huno
824 721 911 787 enim
930 744 1074 786 uersum
1104 721 1161 807 qui
1191 720 1278 797 eioit,

118 826 219 891 totius
248 826 310 891 loci
339 826 536 891 sententiam
565 826 715 891 funditus
746 827 874 892 subruit
904 835 1005 911 atque
1029 826 1158 891 euertit.
1190 824 1277 911 quod

119 951 250 993 excusso
273 937 389 1014 poetae
416 941 608 1015 argumento
635 929 707 994 luoe
734 929 851 994 elarius
875 928 1055 1015 apparebit.

183 1033 292 1098 omnia
317 1055 399 1119 quaa
420 1033 474 1098 hio
494 1033 643 1118 disputat
667 1032 823 1097 Manilius
850 1056 889 1098 ex
911 1033 982 1119 ipsa
1008 1033 1190 1098 Stoicorum
1214 1031 1279 1096 dis-

118 1135 239 1221 ciplina
255 1135 363 1220 petita
382 1144 468 1202 sunt.
514 1135 697 1201 Stoicorum
717 1136 860 1222 primum
883 1136 966 1201 illud
985 1159 1088 1223 paene
1111 1137 1277 1223 proprium

119 1246 170 1303 est
186 1239 300 1304 mundi
320 1246 471 1303 naturam
487 1246 624 1303 naturae
643 1238 785 1303 hominis
803 1239 896 1325 quasi
910 1261 970 1325 par
987 1239 1058 1325 pari
1078 1239 1279 1325 respondere,

119 1341 167 1405 ita
182 1351 221 1407 ut
236 1343 400 1428 utrimque
416 1342 456 1407 de
472 1352 611 1429 utroque
625 1345 694 1430 peti
716 1344 840 1428 possint
856 1352 1060 1430 argumenta.
1105 1344 1278 1421 Cornutus,

121 1453 157 1509 ut
178 1469 281 1531 pauca
301 1447 341 1512 de
361 1447 475 1512 multis
496 1448 641 1534 seligam,
657 1471 760 1533 eaque
781 1450 846 1514 hue
861 1448 1002 1514 maxime
1017 1448 1224 1536 pertinentia,
1240 1449 1280 1515 de

119 1558 183 1614 out.
202 1549 331 1615 εἰκονιιοι
347 1573 413 1635 cap.
436 1554 456 1614 2
471 1575 501 1637 p.
519 1550 537 1615 7
554 1551 617 1634 (ed.
634 1551 809 1636 Villoison)
824 1551 872 1616 ait
889 1551 1019 1638 ὥσπερ
1036 1551 1071 1618 δὲ
1086 1553 1192 1634 ἡμεῖς
1208 1549 1276 1616 ἀπὸ

120 1655 256 1741 ψυχῆς
282 1652 540 1739 διοικοῦμεθα,
563 1652 660 1719 οῦτοι
683 1654 739 1720 καὶ
762 1652 779 1718 ὁ
802 1655 947 1739 κόσμος
969 1655 1104 1744 ψυχὴν
1126 1654 1197 1744 ἔχει
1219 1653 1278 1736 τὴν

120 1754 332 1844 συνέχουσαν
355 1755 474 1822 αῦτόνε
511 1756 635 1823 Seneca
658 1758 719 1843 Ep.
744 1761 793 1823 65.
819 1762 860 1822 24
885 1764 992 1844 ‘quem
1017 1759 1052 1823 in
1079 1760 1138 1824 hoe
1160 1759 1279 1825 mundo

120 1857 225 1920 locum
257 1858 333 1924 deus
363 1858 498 1935 obtinet,
529 1859 610 1925 Ιιιιηο
637 1859 671 1922 in
698 1859 823 1925 homine
848 1860 993 1940 enimus;
1023 1862 1109 1947 quod
1137 1870 1187 1926 est
1213 1860 1279 1924 illio

121 1963 264 2039 materia,
280 1963 314 2026 id
337 1964 371 2026 in
394 1962 488 2028 nobis
503 1985 617 2049 eorpus
632 1965 699 2028 est!
746 1963 863 2028 deinde
879 1963 1063 2028 Stoicorum
1080 1972 1129 2029 est
1145 1964 1280 2050 spiritus

121 2066 235 2130 mundi
258 2075 443 2153 permeator
462 2067 743 2154 gubernatorque:
769 2068 992 2133 Tertullianus
1009 2069 1107 2154 Apol.
1124 2073 1163 2132 21
1181 2069 1281 2133 ‘haee

122 2168 297 2235 Cleanthes
319 2172 521 2257 inspirituali
537 2173 681 2258 congerit
697 2195 796 2257 quem
806 2181 1039 2258 permeatorem
1060 2173 1281 2238 uniuersitatis

122 2276 298 2357 affirmat';
321 2278 547 2363 Athenagoras
563 2278 705 2364 Supplio.
719 2301 744 2343 c.
757 2281 787 2355 6,
797 2301 827 2364 p.
842 2276 860 2342 'l
873 2295 903 2355 B,
916 2277 950 2343 οἱ
963 2277 998 2344 δὲ
1013 2276 1080 2344 ἀπὸ
1096 2280 1155 2359 τῆς
1170 2279 1280 2352 στοᾶς,

122 2379 185 2444 κᾶν
207 2384 278 2451 ταῖς
300 2382 541 2468 προσηγορίαις
564 2380 652 2448 κατὰ
671 2381 729 2452 τὰς
747 2382 982 2469 παραλλάξεις
1003 2388 1061 2466 τῆς
1080 2381 1161 2460 ῦλης
1181 2379 1222 2446 δι’
1243 2380 1281 2462 ἧς

123 2487 210 2569 φασι
239 2484 276 2550 τὸ
308 2491 438 2571 πνεῦμα
468 2492 591 2576 χωρεῖν
622 2492 686 2554 τοῦ
714 2488 789 2554 θεοῦ
811 2487 1009 2568 πληθῦνωσι
1032 2487 1069 2553 τὸ
1101 2487 1187 2553 θεῖον
1213 2489 1281 2553 τοῖς

124 2585 273 2672 ὀνόμασι,
288 2593 335 2677 τῷ
349 2595 430 2674 γοῦν
445 2591 530 2678 ἔργῳ
543 2592 601 2658 ἕνα
617 2592 786 2674 νομίζουσι
801 2589 859 2657 τὸν
872 2590 954 2657 θεόν.
986 2590 1016 2656 εἰ
1024 2589 1089 2673 γὰρ
1105 2589 1122 2653 ὁ
1138 2589 1198 2673 μὲν
1210 2586 1282 2659 θεὸς

123 2697 190 2779 πῦρ
218 2693 372 2781 τεχνικὸν
390 2693 455 2784 ὁδῷ
477 2694 614 2778 βαδίζον
633 2695 688 2762 ἐπὶ
705 2695 851 2777 γενέσεις
875 2695 1005 2780 κόσμον
1028 2690 1283 2780 ἐμπεριειληφὸς

124 2795 277 2869 ἅπαντας
314 2797 390 2869 τοὺς
425 2797 674 2887 σπερματικοὺς
703 2799 824 2884 λόγους
859 2798 934 2865 καθ’
969 2798 1022 2870 οῦς
1052 2798 1180 2864 ἕκαστα
1208 2795 1282 2862 καθ’

124 2900 322 2987 εἱμαρμένην
338 2903 465 2986 γίνεται
485 2902 523 2970 τὸ
541 2901 575 2970 δὲ
592 2907 740 2988 πνεῦμα
761 2901 879 2970 αὐτοῦ
895 2902 1019 2986 διήκει
1038 2900 1082 2968 δι’
1103 2900 1196 2967 ῦλου
1216 2903 1282 2965 τοῦ

124 3003 281 3088 κόσμου,
305 3004 322 3070 ὁ
347 3004 418 3077 θεὸς
449 3005 495 3077 εἷς
520 3005 591 3071 κατ’
616 3004 735 3076 αὐτοῦς
759 3015 855 3072 κ.τ.λ.
888 3007 987 3071 huius
1013 3007 1142 3071 animae
1167 3005 1283 3068 mundi

124 3116 234 3172 nostra
248 3109 358 3172 anima
373 3117 411 3173 ut
426 3132 501 3195 pars
516 3110 564 3175 ita
579 3110 695 3175 similis
710 3120 779 3191 est;
802 3110 955 3174 Hermias
970 3110 1057 3175 ieris.
1077 3109 1185 3195 pentil.
1200 3109 1282 3195 pull.

124 3211 185 3278 al
210 3213 264 3296 (de
287 3214 462 3298 Cleanthe)
483 3212 543 3295 τὴν
567 3213 601 3282 δὲ
624 3214 744 3303 ψυχὴν
768 3212 808 3279 δι’
826 3213 905 3279 ὅλου
928 3217 986 3279 τοῦ
1009 3214 1138 3297 κόσμον
1159 3212 1283 3293 διήκειν

124 3317 166 3399 ἦς
190 3316 554 3405 μέροςμετέχοντας
572 3320 669 3401 ἡμᾶς
693 3318 982 3406 ἐμψυχοῦσθαι.
1009 3318 1145 3382 Manilio
1169 3317 1282 3382 eadem

124 3421 283 3507 placuisse
312 3421 354 3486 ab
383 3423 453 3508 ipso
482 3423 657 3502 discimus3
688 3422 788 3488 1247
820 3445 887 3509 sqq.
918 3422 998 3487 ‘hoc
1028 3444 1109 3507 opus
1130 3420 1283 3485 immensi

125 3532 347 3589 constructum
367 3548 497 3612 corpere
512 3527 627 3591 mundi
646 3526 651 3612 l
672 3526 882 3612 membraque
905 3533 1041 3590 naturae
1060 3525 1190 3589 diuersa
1208 3546 1283 3588 con-

125 3629 196 3692 dita
219 3626 344 3714 formal
364 3629 462 3711 (aeris
485 3638 585 3715 atque
607 3630 693 3716 ignis
714 3638 820 3695 tarrae
841 3629 1014 3716 pelagique
1036 3627 1188 3711 iacentis)
1206 3625 1211 3712 Ι
1231 3627 1284 3692 uis

125 3731 254 3795 animae
273 3730 390 3796 diuino
409 3732 493 3819 regit
512 3755 665 3819 sacroque
689 3740 800 3798 meatu
822 3731 827 3819 Ι
845 3715 1008 3818 conspirat
1027 3732 1107 3796 deus
1128 3740 1161 3796 at
1181 3730 1284 3795 tacita

126 3835 251 3898 ratione
275 3834 447 3919 puberoot’
473 3835 556 3919 (loco
586 3836 689 3901 nostri
719 3836 900 3920 simillimo)
930 3844 964 3900 et
994 3858 1048 3899 uu.
1072 3834 1129 3920 qui
1158 3841 1285 3898 nostros

125 3946 281 4003 secuntur
299 3938 396 4023 ‘quid
416 3939 545 4016 mirum,
567 3961 697 4004 noscere
719 3939 878 4003 mundum
898 3937 902 4024 Ι
923 3940 951 4003 si
971 3946 1108 4024 possunt
1128 3935 1285 4012 homines,

126 4041 245 4127 quibus
266 4049 316 4105 est
338 4049 371 4104 et
391 4042 529 4106 mundus
549 4042 583 4106 ιἰι
602 4042 684 4128 ipsis
701 4039 706 4128 Ι
727 4042 978 4127 exemplumque
999 4041 1052 4106 dei
1074 4042 1211 4128 quisque
1234 4049 1283 4105 est

126 4147 160 4210 ιἰι
177 4146 319 4230 ιἰιιαρῦιο
330 4144 472 4230 paruol'
517 4154 567 4211 est
578 4146 665 4210 enim
676 4153 714 4211 ut
725 4146 759 4210 in
769 4168 909 4232 corpore,
921 4149 967 4211 sie
981 4146 1016 4210 in
1031 4146 1141 4210 anima
1156 4167 1284 4231 quoque

127 4272 201 4335 pars
224 4272 308 4335 quae
333 4259 443 4314 cetera
462 4259 555 4335 regat
573 4260 607 4315 et
629 4250 799 4336 gubemet‚
821 4251 1014 4337 nullumque
1041 4272 1081 4315 ax
1104 4249 1285 4314 Stoicorum

128 4353 256 4439 placitis
277 4354 381 4439 magis
400 4362 515 4418 notum
532 4364 581 4419 est
596 4378 695 4441 quam
709 4356 792 4420 illud
808 4358 866 4421 τοῦ
881 4353 1077 4440 ἡγεμονικοῦ
1092 4355 1179 4440 quod
1195 4362 1230 4419 et
1251 4355 1286 4419 in

208 4502 234 4544 e.
251 4502 282 4544 u.
1186 4486 1203 4541 2
