3074 5092
563 339 688 401 SILVA
717 335 976 402 MANILIANA.

252 539 264 585 Ι
288 521 353 588 794
376 546 422 609 sq·
707 619 741 676 et
764 634 861 677 censu
884 611 1011 677 Tullius
1033 613 1097 677 oris

316 714 472 780 emeritus
494 714 621 780 caelum
645 723 680 780 et
703 714 842 782 Claudia
864 739 983 802 magna
1005 740 1147 804 propago

246 835 375 902 caetum
386 844 415 901 at
426 835 536 900 hiatus
548 858 623 900 cum
635 836 744 901 breuis
756 837 876 902 uocalis
887 837 1099 923 productione
1110 837 1199 922 (uide
1211 832 1346 902 Priscia-

186 961 273 1016 num‚
291 957 304 1004 Ι
322 944 369 1006 23.
388 942 444 1022 13)
460 964 524 1005 non
541 940 699 1005 ferendus.
746 963 830 1027 quae
852 943 915 1007 alia
931 943 1091 1007 eiusmodi
1105 944 1346 1029 proferuntura

186 1044 221 1110 L.
238 1045 395 1109 Muellero
410 1045 463 1127 (da
477 1068 513 1111 re
534 1046 666 1112 metrico
685 1069 714 1131 p.
732 1045 811 1128 377)
832 1048 989 1134 exempla,
1009 1056 1067 1113 aut
1086 1049 1259 1113 emendata
1279 1048 1345 1112 iam

120 1211 122 1215 .
186 1158 271 1226 sunt,
292 1149 376 1214 sicut
397 1150 544 1236 Properti
565 1157 602 1214 ‘o
625 1173 677 1214 me
699 1150 846 1215 felicem!
869 1152 984 1216 onox'
1000 1153 1077 1235 (aaa
1096 1153 1129 1236 o)
1151 1152 1238 1238 quod
1258 1160 1346 1216 certe

186 1255 427 1320 excusationem
443 1254 588 1341 aliquam
604 1255 758 1321 orationis
774 1256 915 1320 elatione
931 1256 1075 1333 haberet,
1094 1255 1240 1321 eiusdem
1256 1264 1345 1321 ‘ante

186 1358 276 1423 illam
297 1359 428 1427 <iam>
449 1361 583 1445 impune
602 1372 636 1424 et
657 1359 774 1424 Lesbia
794 1359 888 1437 fecit,'
905 1368 964 1424 aut
981 1358 1178 1445 interpolata
1193 1367 1232 1424 ut
1247 1359 1316 1425 Tib.
1332 1377 1346 1422 1

188 1466 206 1525 5
226 1465 277 1527 33.
320 1462 382 1541 hio,
397 1462 474 1548 quia
490 1463 653 1527 exciderat
671 1470 745 1548 post
766 1463 890 1527 caelum
905 1482 930 1530 <
940 1479 1056 1540 TVM>‚
1071 1463 1106 1526 in
1121 1461 1258 1527 amissae
1273 1485 1344 1548 par-

187 1564 307 1630 ticulae
322 1566 428 1631 locum
444 1565 568 1631 librarii
584 1574 612 1632 at
627 1565 832 1633 infulserunt.

252 1722 265 1769 1
289 1708 352 1771 843
375 1728 420 1792 sq.

823 1800 996 1878 partesque
1019 1791 1151 1878 capillos

318 1897 477 1961 mentitur
499 1917 616 1981 paruos
638 1893 723 1979 ignis
745 1894 943 1982 glomeratus
966 1896 1000 1959 in
1023 1896 1115 1961 orbes

247 2055 430 2120 paruosque
453 2034 589 2119 capellos
609 2033 653 2095 M.
702 2031 759 2096 sed
780 2054 860 2117 quas
882 2032 1076 2098 Aristoteles
1097 2031 1202 2118 αἶγας,
1224 2033 1347 2099 Seneca

188 2139 334 2224 ‘capras'
350 2161 407 2203 cur
422 2137 578 2202 Manilius
594 2136 685 2200 nulla
700 2137 794 2200 metri
814 2138 1008 2203 necessitate
1027 2137 1198 2223 ‘capellos'
1218 2137 1346 2214 dixerit,

187 2265 261 2307 cum
296 2242 498 2328 praesertim·
523 2242 557 2305 id
591 2241 729 2306 uerbum
758 2241 844 2326 apud
876 2250 1024 2308 auctores
1053 2244 1154 2307 bonos
1184 2265 1345 2326 nusquam

187 2347 390 2432 reperiatur?
421 2345 500 2431 quid
524 2345 565 2409 de
591 2344 647 2408 illo
666 2367 792 2431 paruos
816 2345 921 2410 dicam
946 2347 1032 2432 quod
1057 2347 1154 2432 plane
1174 2351 1345 2432 superest?

187 2471 229 2513 an
245 2472 264 2513 a
279 2451 314 2513 M
330 2448 437 2514 codice
453 2447 574 2512 totiens
589 2446 821 2531 interpolatore
838 2448 954 2513 inuitis
969 2450 1085 2514 ceteris
1100 2450 1345 2535 recipiendum?

187 2553 365 2640 incorrupti
384 2553 519 2617 tradunt
536 2560 651 2638 partos
672 2552 725 2616 uel
742 2561 855 2637 partes
870 2552 942 2640 (Vr)
959 2561 993 2618 et
1008 2553 1143 2638 capillos
1163 2553 1241 2636 (nisi
1259 2553 1346 2638 quod

187 2659 322 2744 capellos
344 2659 370 2722 L
394 2658 496 2742 olim),
512 2659 598 2722 unde
620 2656 711 2721 nullo
733 2659 862 2742 negotio
885 2658 1001 2723 elicere
1024 2659 1145 2744 poteris
1165 2668 1345 2744 partisque

188 2781 357 2848 oapuJNoa

253 2902 281 2949 11
297 2888 318 2948 l
333 2906 379 2970 sq.

317 3017 521 3080 erroremque
544 2996 634 3060 ducis
656 2956 797 3059 totidem¹
818 3003 897 3079 quot
920 2994 1043 3060 uicerat
1064 2996 1159 3061 annis

316 3102 496 3167 instantem
527 3100 612 3166 bello
642 3099 810 3187 geminata
841 3122 899 3185 per
932 3100 1064 3187 agmina
1094 3102 1159 3184 (uel
1191 3102 1346 3186 aequora)

404 3214 505 3292 ponto

253 3334 314 3400 loci
334 3335 484 3420 quamuis
505 3334 650 3419 corrupti
669 3333 834 3398 sententia
853 3332 1027 3397 manifesta
1044 3342 1103 3408 est,
1120 3333 1250 3396 Vlixem
1265 3340 1347 3418 quot

188 3440 248 3505 sub
272 3439 368 3504 Troia
394 3439 577 3526 pugnando,
601 3438 739 3503 totidem
764 3459 822 3523 per
844 3459 931 3502 mare
954 3436 1089 3502 errando
1113 3435 1346 3521 consumpsisse

189 3567 297 3609 annos.
342 3543 480 3608 colorem
501 3566 540 3607 ex
563 3541 738 3627 Propertio,
758 3548 798 3606 ut
818 3541 955 3626 saepius,
976 3549 1073 3625 poeta
1092 3549 1202 3604 noster
1217 3541 1347 3605 duxisse

189 3646 320 3712 uidetur
329 3670 337 3726 ;
358 3647 483 3729 111(1v)
500 3650 540 3710 12
557 3649 598 3710 23
614 3668 681 3731 sqq.
699 3653 831 3729 ‘totque
843 3644 960 3709 hiemis
971 3653 1081 3709 noctes
1092 3653 1206 3730 totque
1218 3655 1347 3710 natasse

189 3750 258 3816 dies
272 3752 344 3834 (28)
348 3800 427 3816 ......
432 3761 466 3815 et
481 3758 609 3815 ueteres
624 3771 718 3814 arcus
733 3749 799 3813 leto
815 3771 985 3813 renouasse
1005 3771 1173 3834 procorum
1192 3749 1198 3835 Ι
1218 3752 1346 3814 erroris-

190 3877 253 3939 que
269 3855 319 3918 sui
335 3855 380 3918 sio
395 3854 547 3919 statuisse
565 3853 709 3917 modum'
725 3854 781 3936 (35
798 3854 866 3938 sq).
905 3853 984 3938 quin
996 3852 1078 3916 illud
1090 3852 1196 3937 ipsum
1209 3874 1348 3918 errorem

190 3958 279 4023 ducis
295 3956 368 4041 (hoe
384 3965 433 4022 est
445 3957 561 4021 ducem
574 3954 810 4037 errabundum)
821 3955 1070 4040 Propertianum
1082 3963 1145 4034 est;
1169 3972 1182 4018 Ι
1197 3959 1237 4019 20
1252 3958 1290 4017 15
1302 3976 1346 4038 sq.

190 4059 649 4126 ⁴miser...error...Herculis'
694 4059 807 4143 itaque
827 4080 866 4122 ex
887 4058 940 4121 illo
955 4059 1133 4135 instantem,
1149 4058 1236 4144 quod
1251 4080 1347 4122 nemo

190 4164 296 4230 adhuc
306 4164 464 4250 explicuit
475 4186 534 4228 neo
545 4171 627 4250 puto
639 4162 825 4248 explicabit,
836 4163 1004 4229 innantem
1014 4163 1076 4228 tibi
1085 4162 1178 4228 facile
1188 4172 1346 4228 nascetur.

189 4269 334 4333 ‘innare’
347 4267 388 4332 de
399 4267 540 4353 nauigio,
552 4266 592 4331 de
604 4266 805 4351 nauigatore,
816 4266 857 4331 de
869 4277 1016 4331 natatore
1028 4266 1208 4352 promiscue
1219 4265 1347 4344 dicitur,

190 4372 276 4458 quod
303 4372 357 4436 uel
384 4394 422 4436 ex
449 4371 560 4436 lexicis
586 4370 765 4456 adparebit,
791 4379 829 4436 ut
856 4371 946 4435 Vlixi
973 4373 1104 4458 quidem
1132 4371 1214 4435 nihil
1238 4370 1347 4455 aptius
