3074 5092
231 380 270 438 24
604 377 672 438 sla
680 378 727 438 VA
757 377 1011 438 MANILIANA.

229 560 371 626 inueniri
394 569 510 648 posset.
555 561 751 646 praepositio
772 584 848 625 uero
868 561 903 625 in
925 562 1061 627 Manilio
1083 572 1171 629 recte
1192 586 1226 628 se
1246 563 1391 640 habebit,

230 687 304 729 cum
325 665 490 750 Vergilius
510 688 639 751 quoque
659 666 741 731 Aca.
764 670 812 732 10.
837 669 900 730 222
922 676 956 731 et
979 667 1091 733 (iicero
1110 668 1166 752 (N.
1183 669 1222 733 D.
1241 673 1268 734 2.
1284 666 1391 756 5100)

230 768 370 833 ‘innare’
383 768 453 833 sine
464 791 541 834 casu
553 769 793 854 usurpauerint.
824 769 891 834 iam
903 770 943 834 de
953 771 1070 836 ceteris
1082 772 1270 837 uidendum.
1304 772 1392 837 inter

233 896 372 959 aequora
384 883 417 938 et
432 874 565 959 aporiae
576 872 650 957 (hoc
666 872 816 940 Cusanus
830 875 902 957 alii)
914 884 1046 941 tantum
1059 876 1219 962 discrepat
1234 885 1272 941 ut
1287 897 1392 962 aegre,

232 977 300 1043 utri
316 986 348 1042 te
365 979 474 1065 potius
489 979 640 1065 adplices
652 978 813 1044 decernas.
856 980 936 1064 quid
952 981 979 1046 si
995 981 1127 1046 neutri?
1162 980 1243 1045 mihi
1260 979 1392 1064 quidem

232 1082 292 1147 hoc
316 1083 418 1169 magis
440 1083 556 1169 placet,
579 1092 673 1148 etex
692 1106 753 1170 per
773 1101 878 1150 ΙΟΥΔΑ
902 1084 1059 1149 dissoluto
1081 1094 1257 1168 utrumque
1277 1106 1392 1170 proue-

232 1188 327 1252 nisse.
372 1197 475 1252 restat
496 1199 534 1251 ut
560 1187 660 1251 etiam
688 1205 736 1252 nr
755 1189 823 1272 (uel
847 1191 907 1269 Ao)
931 1211 1135 1273 reponemus,
1156 1189 1241 1274 quod
1265 1197 1338 1272 post
1361 1211 1394 1252 m

230 1291 324 1356 facile
347 1291 455 1376 potuit
474 1291 682 1372 intercidere3
705 1291 743 1358 cf.
763 1314 847 1377 quae
863 1292 905 1357 ad
925 1310 938 1356 Ι
956 1295 1020 1357 244
1040 1315 1139 1377 supra
1154 1291 1393 1356 adnotauimus.

232 1393 321 1459 locus
336 1393 381 1459 sic
397 1394 534 1459 euadet:

363 1546 568 1609 erroremque
591 1524 682 1589 ducis
705 1523 844 1589 totidem
867 1533 949 1609 quot
971 1525 1095 1589 uicerat
1118 1525 1213 1590 annis

362 1644 556 1704 ruusurnu,
580 1645 622 1692 nr
644 1628 724 1692 bellr
746 1628 916 1715 geminata
938 1645 1111 1694 rnmovm
1133 1639 1240 1714 ponto.

299 1783 327 1830 11
351 1769 414 1831 320
437 1787 504 1850 sqq.

364 1887 444 1951 haec
466 1885 579 1950 eadem
604 1886 727 1971 species
749 1885 840 1949 fallet
862 1907 921 1971 per
943 1887 1036 1972 signa
1058 1886 1237 1971 quadrata3

364 1989 452 2076 quod
474 2012 549 2054 cnm
571 1989 673 2053 totius
696 1989 825 2053 numeri
847 1989 904 2075 qui
927 1990 1087 2054 construit
1109 1990 1220 2054 orbem

365 2104 416 2159 ter
438 2093 573 2179 triginta
595 2094 755 2178 quadrum
778 2101 887 2178 partes
911 2116 968 2179 per
990 2094 1096 2158 sidera
1117 2093 1264 2172 reddant,

366 2198 477 2265 euenit
500 2208 538 2263 ut
560 2208 590 2265 ct
611 2221 638 2284 q.
654 2222 678 2264 s.

301 2332 336 2394 in
352 2353 381 2395 u.
401 2332 463 2396 321
485 2331 629 2394 immane
650 2330 748 2395 metri
770 2329 890 2393 uitium
914 2329 1012 2392 multi
1034 2328 1161 2392 amoliri
1182 2328 1290 2392 conati
1312 2339 1396 2393 sunt.

236 2434 438 2499 lenissimum
468 2433 649 2498 remedium
680 2433 708 2498 si
738 2433 839 2497 uerba
872 2433 1008 2518 triptota
1041 2432 1203 2516 quadram
1240 2432 1327 2495 inter
1364 2453 1398 2494 se

235 2533 478 2619 transposueris,
494 2534 554 2598 hoc
570 2533 741 2619 paululum
758 2533 944 2610 immutato,
961 2540 1008 2598 ter
1029 2550 1173 2608 QVADRA
1199 2550 1368 2598 TRIGINTA
1380 2531 1398 2598 ¹.

234 2638 362 2724 quadro
384 2637 580 2702 femininum
603 2646 652 2702 est
675 2653 709 2701 et
731 2645 860 2723 partem
883 2645 1034 2722 quartam
1057 2636 1219 2721 significat
1246 2645 1284 2701 ut
1311 2636 1399 2721 apud

235 2752 399 2808 auctorem
428 2743 547 2808 Mureti
572 2745 624 2820 49,
651 2744 746 2808 Mart.
774 2742 943 2826 Capellam
971 2747 991 2805 8
1017 2739 1115 2829 §823
1139 2749 1241 2827 ‘quae
1263 2741 1398 2826 quidem

236 2847 337 2911 alium
360 2848 401 2911 ab
424 2855 497 2911 ortu
521 2838 677 2911 circulum
699 2847 906 2911 decussantes
926 2847 961 2909 in
981 2863 1019 2910 lv
1040 2846 1179 2931 quadras
1199 2846 1314 2910 mundi
1330 2868 1398 2910 am-

237 2951 343 3015 bitum
365 2949 607 3015 discreuerunt.'
651 2972 726 3013 mox
746 2949 951 3014 scribendum
972 2948 1107 3013 reddar.
1152 2949 1316 3013 sententia
1336 2949 1399 3013 loci

237 3053 317 3118 haec
344 3053 407 3117 erit
432 3053 536 3139 ‘quod
562 3075 637 3117 cum
664 3075 738 3138 pars
764 3062 882 3139 quarta
908 3053 1012 3118 totius
1041 3053 1169 3118 numeri
1200 3053 1257 3139 qui
1287 3053 1399 3118 orbem

237 3156 396 3222 construit
412 3159 589 3244 nonaginta
604 3159 742 3243 (partes)
756 3159 876 3246 gradus
892 3158 1016 3236 reddat,
1031 3157 1161 3222 euenit'
1177 3167 1206 3224 ct
1220 3181 1247 3245 q.
1263 3181 1287 3224 s.

304 3311 331 3359 ΙΙ
355 3293 417 3360 347
442 3318 487 3381 sq.

369 3424 470 3489 distat
492 3426 581 3490 enim
603 3449 646 3490 an
667 3426 770 3512 partis
792 3436 960 3492 consumat
983 3430 1070 3493 linea
1092 3429 1196 3493 iustas

370 3528 574 3594 detractetne
597 3530 730 3595 modum
752 3532 881 3596 numeri
903 3555 999 3618 quem
1024 3533 1163 3599 circulus
1185 3533 1297 3598 ambit.

304 3659 387 3723 ratio
410 3658 555 3744 postulat
578 3667 615 3723 ut
642 3660 683 3724 ad
709 3660 772 3724 ista
797 3661 988 3728 detractctnc
1015 3663 1144 3729 modum
1169 3661 1296 3726 rameri
1322 3663 1399 3725 ‘im-

238 3761 361 3847 plendi'
377 3763 422 3845 (u.
439 3763 518 3843 316)
534 3762 671 3827 uerbum
687 3763 900 3849 respondeat3
922 3766 961 3830 cf.
974 3769 1035 3832 311
1054 3765 1321 3830 ‘hano-numeri
1333 3787 1399 3829 non

272 3934 281 3966 ¹
298 3947 352 3982 non
363 3930 523 3981 fraudandus
537 3929 581 3981 hic
597 3945 644 3982 sua
658 3931 792 3983 mentione
843 3932 909 3984 sicut
927 3949 970 3984 ars
987 3934 1045 3998 ipsa
1062 3935 1186 3998 postulat,
1203 3934 1309 3985 adhibet
1325 3935 1399 3986 Man-

239 4014 347 4065 Iaoobus
370 4018 399 4063 ut
420 4014 539 4078 exemplo
563 4014 598 4064 sit
620 4015 720 4065 criticis
734 4031 792 4079 pro
842 4016 911 4075 ilius,
928 4020 1032 4080 quadris
1049 4017 1146 4068 abusus
1163 4022 1240 4080 esset,
1259 4018 1399 4069 ueritatem

238 4096 322 4147 nihilo
340 4111 396 4146 esse
412 4096 519 4146 uoculas
540 4110 570 4146 ac
589 4095 719 4147 litterulas
738 4097 790 4147 nisi
842 4097 927 4162 ipsam
943 4099 1049 4150 mentiri
1065 4100 1154 4163 coegit.
1189 4106 1352 4165 quapropter,
1369 4106 1400 4151 ut

240 4179 389 4230 intellectus
401 4178 544 4230 accesserit.
572 4184 794 4243 namcumpuad·
846 4179 929 4230 isdem
946 4184 1006 4231 uter
1023 4181 1109 4231 uerbis
1126 4182 1220 4244 quibus
1235 4185 1312 4232 antes
1328 4183 1401 4233 inre

239 4281 295 4314 rum
305 4263 400 4327 plurali
411 4278 520 4313 numero
532 4266 623 4312 contra
637 4263 727 4313 Latini
743 4279 793 4314 ser-
846 4263 925 4313 simili
941 4264 1119 4330 (Mnemosyne
1137 4270 1155 4316 t.
1171 4265 1222 4325 xiv,
1235 4280 1261 4328 p.
1273 4266 1331 4328 439)
1344 4281 1399 4316 non

239 4347 326 4397 monis
337 4345 553 4397 consuetudinem
565 4345 686 4395 donasset
704 4349 731 4394 et
746 4361 794 4409 pro
844 4346 958 4396 concedo
975 4346 999 4396 si
1016 4346 1085 4397 idem
1106 4352 1184 4410 atque
1199 4363 1248 4398 nos
1264 4347 1399 4400 inuenisse

239 4431 371 4494 quadratis
399 4429 468 4491 quod
496 4428 651 4478 uocabulum
682 4443 791 4491 semper,
843 4427 1120 4480 sedsasdemtantum
1131 4430 1242 4480 litteras.
