3074 5092
252 361 270 419 4
624 365 748 425 SILVA
779 364 1035 424 MANILIANA.

254 547 426 633 displicent
441 557 479 614 ut
495 549 567 614 aliis
582 549 695 614 multis
710 548 750 613 de
766 548 884 634 quibus
896 571 961 612 non
973 548 1137 613 dubitauit
1151 548 1320 612 Bentleius
1333 548 1411 632 quin

255 653 426 718 Maniliani
449 663 556 719 essent
578 654 779 719 rotundiores
805 653 987 717 uideantur.
1047 652 1154 736 pergit
1184 653 1243 716 Vir
1274 653 1413 737 Magnus

254 757 371 836 “Quid
399 758 486 844 quod
515 759 594 822 haec
625 756 893 842 praecedentibus
923 763 1113 840 repugnent.
1158 778 1222 818 non
1256 756 1343 819 enim
1374 778 1413 819 ex

257 861 421 925 sententia
445 863 586 926 auctoris
611 861 731 936 ictibus
753 861 875 946 plagis,
900 859 1079 925 adheritus
1104 867 1191 923 terra
1216 861 1257 924 ab
1284 859 1352 947 igni
1381 870 1412 924 et

257 965 387 1029 aethere
403 967 569 1051 compulsa
584 974 642 1043 est,
658 965 713 1030 sed
728 965 814 1051 ignis
830 973 863 1029 et
878 964 991 1028 aether
1006 971 1121 1048 sponte
1136 985 1196 1027 sua
1216 971 1250 1027 et
1268 963 1414 1048 ingenita

255 1069 391 1134 leuitate
426 1092 552 1134 sursum
584 1092 618 1134 se
647 1093 687 1133 ex
718 1070 783 1132 imo
818 1066 1046 1133 sustulerunt.''
1105 1090 1177 1132 ecce
1212 1067 1412 1132 leuissimum

258 1171 357 1237 habes
380 1180 609 1258 argumentum
633 1194 697 1257 quo
718 1172 827 1256 spuria
846 1171 901 1235 illa
923 1193 991 1236 esse
1011 1171 1125 1256 probes
1141 1172 1213 1254 (cur
1233 1171 1320 1235 enim
1341 1171 1414 1257 quis

255 1275 352 1360 plane
367 1277 576 1341 abhorrentia
597 1285 630 1341 et
650 1276 790 1340 absurda
804 1276 940 1341 inferret
951 1277 986 1358 2),
1002 1275 1058 1339 sed
1074 1298 1138 1360 quo
1154 1276 1259 1339 alieno
1274 1275 1342 1339 loco
1359 1274 1414 1338 uel

254 1381 363 1465 potius
386 1380 581 1445 alienissimo
604 1382 717 1466 posita,
741 1381 970 1445 firmissimum.
1011 1381 1089 1466 quid
1114 1381 1199 1465 quod
1222 1381 1293 1466 ipsa
1316 1379 1415 1443 uerba

256 1484 348 1565 quasi
370 1484 541 1549 clamorem
565 1486 677 1549 tollere
700 1485 854 1549 uidentur
873 1508 907 1548 se
928 1484 969 1548 ad
990 1493 1170 1548 atomorum
1190 1484 1262 1548 illas
1282 1483 1414 1568 Epicuri

235 1587 496 1673 conciliationes
529 1589 645 1653 debere
681 1590 848 1653 reuocari?
892 1587 933 1652 de
966 1570 1048 1673 quo¹
1065 1587 1237 1652 Lucretius
1267 1589 1300 1650 in
1332 1586 1413 1650 libro

255 1691 396 1755 secundo
419 1693 521 1756 fusius
542 1693 712 1773 disseruit3
734 1693 927 1756 conferenda
947 1700 1024 1756 sunt
1045 1693 1175 1756 omnino
1196 1715 1279 1777 quae
1299 1716 1354 1757 uu.
1371 1695 1413 1757 99

254 1797 363 1858 -104
379 1794 419 1858 de
434 1795 502 1858 ictu
518 1804 553 1860 et
568 1796 739 1859 conciliatu
756 1795 843 1860 dicit.

319 1906 407 1963 totus
423 1898 511 1964 locus
526 1899 571 1963 sic
586 1900 793 1986 refingendus
809 1908 877 1964 est:

384 2028 453 2091 siue
477 2028 656 2093 indiuiduis
678 2029 713 2093 in
736 2029 823 2093 idem
846 2029 992 2093 reditura
1015 2030 1132 2094 solutls
1350 2034 1413 2094 128

383 2132 550 2218 principiis
572 2141 689 2196 natura
711 2140 822 2196 manet
844 2144 918 2218 post
940 2134 1068 2197 saecula
1091 2134 1188 2210 mille,
1349 2138 1414 2200 129

384 2236 513 2320 ictaque
536 2236 723 2300 contractis²
745 2236 928 2301 consistunt
950 2258 1081 2320 corpora
1103 2238 1206 2324 plagis
1349 2236 1411 2302 171

385 2346 418 2402 et
440 2338 656 2402 concurrendo
678 2338 894 2423 prohibentur
915 2339 1043 2424 longius
1066 2340 1128 2404 ire⁹
1350 2339 1412 2405 172

385 2451 419 2506 et
452 2464 554 2526 paene
590 2465 629 2506 ex
661 2443 764 2506 nihilo
794 2466 921 2507 summa
951 2452 1001 2507 est
1030 2444 1235 2530 nihilumque
1265 2446 1413 2508 futurum

471 2547 537 2629 (uel
560 2547 696 2630 futura),
1349 2551 1413 2613 130

384 2671 542 2734 caecaque
565 2650 716 2714 materies
738 2649 863 2714 caelum
886 2651 1020 2734 perfecit
1042 2658 1076 2714 et
1099 2650 1216 2715 orbem.

320 2802 333 2848 1
357 2784 427 2850 167.

362 2907 492 2992 imaque
515 2907 555 2971 de
578 2908 702 2971 cunctis
726 2907 865 2972 mediam
889 2915 981 2971 tenet
1003 2907 1147 2992 undique
1170 2907 1293 2972 sedem'

319 3044 402 3108 bene
430 3045 582 3108 Iacobus:
609 3053 734 3130 ‘neque
762 3067 857 3109 uersu
883 3067 988 3108 carere
1016 3067 1193 3128 possumus,
1239 3068 1314 3109 nam
1337 3069 1411 3110 cum

254 3148 405 3233 deinceps
431 3149 602 3212 doceamur
626 3172 683 3213 cur
704 3158 791 3213 terra
815 3151 858 3214 sit
885 3149 1020 3226 stabilio,
1043 3158 1140 3213 antea
1165 3149 1316 3214 stabilem
1343 3173 1412 3216 esse

255 3252 390 3316 docendi
416 3252 561 3316 eramus.'
613 3253 667 3316 sed
700 3253 786 3336 quod
812 3253 880 3337 ipse
907 3259 1111 3316 commentus
1141 3263 1190 3316 est
1219 3253 1359 3318 medium
1384 3263 1414 3320 et

256 3355 339 3419 nihil
355 3357 470 3421 attulit
485 3356 619 3422 salubre.
653 3357 693 3420 de
708 3358 792 3440 igne,
805 3357 845 3421 de
861 3356 986 3440 spiritu,
1003 3356 1043 3420 de
1059 3378 1145 3441 aqua
1159 3356 1207 3419 ita
1222 3356 1346 3421 dictum
1362 3368 1414 3424 est

254 3458 289 3520 in
308 3458 527 3542 superioribus
547 3469 583 3522 ut
605 3459 774 3522 doceretur
793 3460 934 3544 primum
955 3481 1052 3543 quern
1077 3459 1182 3523 locum
1206 3463 1413 3546 unumquod-

254 3584 317 3646 que
342 3563 541 3626 elementum
565 3571 702 3626 naturae
726 3575 811 3628 sorte
838 3563 1025 3641 obtinuerit,
1050 3564 1166 3628 deinde
1191 3565 1235 3628 ali
1259 3566 1346 3630 idem
1369 3567 1413 3632 ab

254 3684 292 3726 eo
322 3661 408 3747 quod
437 3661 572 3726 inferius
602 3672 695 3741 esset,
722 3666 806 3729 alere
837 3689 913 3729 uero
943 3666 1029 3750 quod
1056 3666 1211 3750 superius.
1266 3690 1338 3731 mox
1370 3668 1413 3734 ad

253 3773 373 3829 terram
391 3765 499 3849 pergit
514 3765 617 3829 oratio
632 3767 672 3830 de
688 3789 753 3851 qua
771 3767 883 3831 eadem
906 3767 1013 3831 doceri
1028 3776 1164 3852 oportet.
1210 3767 1415 3834 docebuntur

254 3869 280 3932 si
303 3891 334 3932 u.
353 3866 414 3932 167
430 3876 504 3954 post
528 3891 558 3933 u.
576 3873 638 3934 159
655 3872 829 3936 collocatus
852 3872 933 3951 erit3
958 3872 1053 3935 modo
1076 3893 1117 3935 ne
1140 3893 1169 3934 u.
1189 3875 1252 3936 160
1274 3880 1413 3938 ‘conue-

252 3970 367 4053 nitque
382 3970 475 4054 uagis
490 3972 671 4054 permixtus
687 3973 783 4036 limus
799 3973 945 4037 harenis’
966 3996 1063 4058 quem
1079 3974 1222 4037 alienum
1238 3975 1414 4059 occupauit

252 4072 357 4135 locum
384 4073 524 4137 retinere
551 4073 703 4141 sinamus.
750 4076 844 4155 hunc,
865 4100 939 4141 cum
963 4078 1002 4141 ad
1028 4078 1205 4162 posteriora
1232 4080 1311 4162 (162
1327 4081 1414 4165 sqq.)

284 4224 294 4256 ¹
311 4224 445 4274 ‘breuibus
454 4225 546 4288 spatiis
554 4231 683 4276 uexentur
695 4228 727 4278 ab
739 4228 804 4278 iotu'
856 4231 956 4280 sultant
970 4231 974 4295 l
989 4229 1142 4293 indupedita
1153 4231 1207 4280 suls
1217 4231 1344 4294 perplexis
1352 4230 1414 4295 ipsa

252 4307 331 4356 Iivou.
856 4312 958 4375 figuris’
970 4313 1048 4362 Lvon.
1064 4312 1160 4378 (confer
1167 4315 1334 4376 prohibentur
1341 4317 1414 4376 quod

284 4387 409 4455 ²exigu1's
433 4388 579 4442 interuallis
614 4391 731 4445 confulta
764 4408 803 4444 re·
854 4409 901 4461 pro
910 4396 1045 4461 prohibent
1057 4398 1086 4444 in
1096 4395 1212 4461 reposuit
1224 4395 1356 4459 Huetius).
