3074 5092
238 347 277 405 30
610 349 732 410 SILVA
763 349 1021 410 MANILIANA.

236 529 397 595 adulterio
410 530 428 595 1'
449 531 510 596 hoc
531 539 588 608 est,
604 531 655 596 ‘in
677 531 821 616 singulos
842 532 971 618 singula
991 531 1083 596 milia
1103 529 1327 596 accreuemnt’
1343 529 1396 592 uel

236 635 264 698 si
280 634 382 713 malis,
398 636 544 701 nonium
560 653 588 700 ΙΙ
604 637 659 700 sed
674 654 729 700 MM
745 636 884 701 adulteri
902 645 986 702 sunt.

302 796 344 844 ΙΙΙ
369 784 538 847 590-617

324 912 352 975 si
374 910 458 976 bene
473 910 657 975 constiterit
679 910 783 995 primo
806 909 866 973 sub
889 910 1019 974 cardine
1042 909 1129 986 luna,
1334 911 1398 972 590

325 1038 390 1101 qua
411 1015 496 1080 redit
519 1015 554 1078 in
576 1022 678 1080 terras
700 1014 852 1091 mundus
874 1035 1073 1097 nascensque
1096 1013 1224 1078 tenebit

273 1166 277 1172 -
325 1129 483 1195 exortum,
506 1128 636 1183 octonos
659 1118 764 1182 decies
787 1117 926 1181 ducetur
947 1117 982 1180 in
1004 1139 1114 1194 annos

324 1225 350 1288 si
373 1224 438 1289 duo
461 1224 627 1289 decedant.
673 1240 708 1288 at
731 1246 804 1287 curn
830 1223 890 1288 sub
913 1223 1054 1287 culmine
1077 1245 1203 1287 summo

325 1328 487 1402 consistet,
511 1327 616 1391 tribus
638 1327 690 1390 hic
713 1348 868 1390 numerus
891 1324 1096 1389 fraudabitur
1118 1326 1220 1390 annis

324 1430 374 1494 bis
397 1430 613 1516 quadragenis
636 1452 765 1494 occasus
788 1429 880 1493 diues
903 1429 937 1492 in
960 1436 1052 1492 actus
1335 1432 1397 1493 595

325 1534 400 1599 solis
423 1542 501 1611 erat,
524 1555 660 1597 numero
683 1532 746 1597 nisi
769 1532 896 1597 deesset
920 1531 1078 1618 olympias
1101 1555 1186 1613 una3

325 1638 456 1724 imaque
480 1637 619 1702 tricenos
642 1637 691 1700 bis
714 1636 929 1700 fundamenta
951 1658 1009 1720 per
1032 1658 1132 1700 annos

326 1752 507 1820 censentur,
528 1743 578 1806 bis
601 1765 657 1806 sex
679 1740 814 1805 adiectis
837 1740 1001 1804 mensibus
1023 1763 1112 1806 aeuo.

327 1844 478 1929 quodque
500 1845 590 1928 prius
612 1851 727 1906 natum
752 1841 850 1907 fuerit
873 1842 1090 1928 dextrumque
1112 1842 1287 1928 trigonum,

326 1948 387 2012 hoc
409 1969 585 2033 sexagenos
609 1946 726 2011 tribuit
748 1946 959 2031 duplicatque
983 1955 1174 2031 quaternos;
1271 1969 1273 1974 ·
1335 1950 1399 2013 600

326 2053 411 2136 quod
434 2052 533 2117 fuerit
556 2050 696 2127 laeuum,
721 2050 929 2135 praelataque
953 2050 1046 2137 signa
1069 2059 1232 2136 sequetur,

327 2156 466 2221 tricenos
488 2177 590 2220 annos
613 2155 767 2239 duplicat,
790 2154 849 2218 tris
872 2155 1005 2241 insuper
1026 2154 1126 2219 addit.

327 2281 474 2344 quaeque
497 2281 594 2343 super
616 2259 746 2346 signum
770 2280 903 2322 nascens
927 2280 946 2321 a
968 2258 1098 2322 cardine
1121 2258 1263 2343 primurn

329 2363 426 2427 tertia
447 2363 550 2426 forma
572 2370 621 2425 est
644 2372 678 2426 et
700 2383 827 2426 summo
849 2361 914 2425 iarn
937 2361 1084 2446 proxima
1106 2363 1202 2438 cae10,

283 2496 286 2503 ·
327 2466 407 2529 haec
428 2473 479 2530 ter
501 2465 632 2529 uicenos
654 2463 810 2551 geminat,
832 2464 891 2528 tris
914 2464 1075 2528 abstrahit
1098 2486 1207 2530 annos.
1335 2469 1398 2531 605

329 2590 476 2654 quaeque
499 2567 584 2631 infra
605 2567 727 2643 ueniet,
750 2567 857 2652 spatio
880 2567 986 2631 diuisa
1009 2567 1070 2632 sub
1093 2590 1205 2653 aequ0,

328 2693 386 2756 per
407 2671 651 2756 quinquagenas
673 2670 814 2754 complet
836 2692 895 2733 sua
917 2692 1054 2734 munera
1074 2670 1214 2735 bmmaa

329 2797 492 2860 quemque
514 2774 620 2838 locum
643 2783 775 2860 superat
799 2796 932 2838 nascens
954 2775 1152 2860 horoscopos
1174 2776 1229 2839 ille

329 2878 413 2942 dena
435 2886 551 2962 quater
573 2886 704 2942 reuocat
726 2876 886 2942 uertentis
908 2886 1056 2963 tempora
1077 2877 1161 2956 solis,

328 2979 581 3065 adcumulatque
604 2978 684 3043 duos
706 3001 826 3057 cursus,
848 2980 1068 3065 iuuenemque
1091 2980 1254 3066 relinquit.
1337 2984 1401 3047 610

328 3091 363 3147 at
385 3084 443 3169 qui
465 3081 630 3169 praecedit
653 3082 814 3167 surgentis
836 3082 975 3147 cardinis
998 3082 1118 3161 horam,

329 3187 461 3251 uicenos
482 3195 656 3270 ternosque
679 3185 770 3249 dabit
792 3185 999 3250 nascentibus
1021 3208 1131 3263 annos,

330 3290 385 3354 uix
409 3290 615 3377 degustatam
640 3289 769 3374 rapiens
792 3289 852 3353 sub
875 3289 953 3354 flore
975 3290 1155 3356 iuuentam.

331 3394 417 3480 quod
439 3417 536 3479 super
558 3417 688 3459 occasus
711 3394 870 3479 templum
895 3402 953 3471 est,
976 3393 1035 3458 boc
1058 3393 1143 3459 dena
1163 3396 1306 3462 remittit

330 3519 487 3561 annorum
511 3496 625 3582 spatia,
648 3503 682 3560 et
705 3496 873 3560 decumam
897 3495 1002 3561 tribus
1024 3497 1168 3582 applicat
1190 3499 1301 3563 auctis.
1337 3504 1400 3566 615

330 3601 464 3666 inferius
487 3624 625 3687 puerum
647 3601 824 3676 interimet,
845 3599 896 3665 bis
919 3623 1039 3686 sexque
1062 3602 1184 3686 peracti

331 3706 507 3770 immatura
529 3706 661 3769 trahent
684 3704 808 3769 natales
830 3727 961 3790 corpora
983 3705 1088 3769 morti.
1158 3764 1160 3769 Α

309 3865 461 3909 numeros
481 3842 580 3908 huius
600 3841 662 3907 loci
684 3841 867 3907 accuratius
887 3841 1021 3927 quidem
1040 3853 1251 3928 perpensatos
1266 3853 1353 3910 recte
1368 3868 1402 3910 se

244 3951 362 4016 habere
392 3973 497 4027 nemo,
526 3958 565 4016 ut
594 3949 716 4034 opinor,
744 3969 939 4033 magnopere
963 3945 1111 4011 confidet.
1157 3955 1195 4011 ut
1217 3948 1259 4013 ab
1280 3949 1403 4015 ultimis

245 4054 407 4139 incipiam,
431 4052 591 4137 templum
612 4051 698 4137 quod
723 4073 820 4136 super
844 4072 974 4115 occasus
997 4058 1054 4128 est,
1076 4067 1144 4115 X111
1164 4074 1266 4116 annos
1285 4056 1403 4119 aetatis

246 4156 453 4223 nascentibus
475 4155 618 4218 tribuere
639 4154 758 4218 dicitur
779 4154 824 4236 (u.
841 4153 937 4236 615):
960 4152 1040 4238 quid
1061 4151 1141 4217 illud
1163 4154 1251 4238 quod
1268 4155 1403 4222 inferius

246 4265 317 4327 est?
362 4258 532 4346 ‘puerum’
558 4257 667 4342 inquit
690 4256 894 4334 ‘interimet'
914 4256 1000 4342 quod
1024 4256 1146 4322 scilicet
1169 4260 1317 4344 superius
1338 4284 1403 4327 non

246 4366 331 4443 fecit,
347 4373 381 4429 et
396 4379 450 4427 XII
465 4362 558 4427 annis
572 4360 711 4447 peractis
726 4360 768 4425 ad
783 4369 919 4426 mortem
931 4360 1048 4426 trahet.
1092 4360 1162 4439 hoc,
1173 4384 1300 4447 quaese,
1309 4366 1404 4450 quale
