3074 5092
183 365 221 423 46
557 364 626 424 SIL
635 362 681 423 VA
712 361 969 421 MANILIANA.

249 558 283 614 et
313 548 373 612 hoc
404 568 532 634 quoque
562 547 639 623 loeo,
670 554 708 611 ut
738 545 902 631 paulisper
936 545 978 611 ab
1015 545 1133 612 itinere
1164 546 1347 624 deflectam,

184 651 317 718 uidetur
331 652 496 717 obuersari
507 660 616 716 nostro
630 651 824 737 Propertius.
861 674 935 716 nam
950 659 987 716 ut
998 659 1124 717 taceam
1137 651 1178 717 de
1190 652 1348 739 Meleagri

186 755 326 820 flammis
341 755 531 820 absentibus
547 756 632 840 quod
648 754 757 840 potuit
773 755 826 818 uel
842 777 882 818 ex
899 755 1066 841 Propertio
1081 758 1125 838 (3.
1142 759 1192 820 22.
1215 756 1273 838 31)
1293 756 1348 820 uel

184 882 224 924 ex
256 859 376 924 Ouidio
403 861 503 944 (Fosi.
529 865 556 926 5.
581 861 660 943 305)
686 859 825 933 haurire,
853 859 933 922 illud
961 859 1048 944 quod
1080 859 1229 943 sequitur
1254 867 1347 924 ‘mox

184 961 378 1026 Atalanteos
393 971 545 1026 conatum
561 961 645 1026 ferre
660 960 802 1025 labores'
819 969 853 1025 et
873 983 908 1024 re
924 961 975 1043 (cf.
993 960 1135 1046 Propert.
1154 963 1181 1025 1.
1199 966 1226 1025 1.
1243 964 1262 1026 9
1279 983 1347 1046 sqq.

184 1065 361 1129 ‘Milanion
392 1065 497 1130 nullos
527 1065 689 1148 fugiendo,
720 1064 822 1142 Tulle,
852 1065 977 1129 labores
1006 1069 1011 1139 Ι
1043 1064 1215 1130 saeuitiam
1246 1064 1347 1130 durae

183 1169 332 1234 contudit
362 1168 503 1246 Iasidos,'
530 1170 677 1256 sequitur
704 1168 909 1254 ‘Calydonea
938 1170 1030 1254 rupe'
1061 1169 1148 1256 quod
1177 1169 1265 1234 idem
1297 1177 1347 1234 est

184 1281 282 1358 atque
302 1273 462 1338 ‘Arcadiis
482 1273 631 1359 rupibus'
647 1273 688 1338 ib.
707 1276 763 1350 14)
778 1281 812 1338 et
833 1273 943 1337 uerbis
961 1273 1160 1356 (‘conatum,'
1181 1271 1348 1355 ‘labores’)

185 1377 388 1463 Propertium
402 1386 540 1442 reuocat.
571 1379 705 1442 fortasse
715 1378 814 1442 etiam
826 1377 963 1443 ‘uidere'
975 1401 995 1443 a
1007 1377 1185 1463 Propertio,
1196 1377 1347 1462 quamuis

185 1481 280 1545 aliter
302 1480 355 1544 hic
378 1480 513 1558 dictum,
535 1482 637 1546 uenit.
682 1503 768 1557 narn,
793 1481 879 1567 quod
903 1480 1028 1545 nemini
1052 1481 1109 1566 qui
1132 1488 1245 1567 poetas
1267 1481 1348 1566 legit

184 1584 332 1670 ignotum
361 1607 429 1649 esse
455 1584 601 1661 arbitror,
634 1584 781 1649 homines
811 1583 846 1649 hi
875 1584 1019 1670 priorum
1051 1583 1151 1648 uerba
1180 1582 1347 1649 interdum

186 1699 348 1764 secuntur,
367 1689 546 1753 sententias
568 1690 724 1754 deserunt
745 1698 887 1775 suntque
910 1689 960 1753 sui
980 1689 1016 1752 in
1035 1689 1198 1754 locutione
1217 1688 1346 1754 aliena¹.

185 1791 350 1856 occasione
372 1790 450 1856 data
472 1791 645 1856 adiecerim
667 1791 748 1856 illud
771 1792 807 1856 in
828 1791 996 1878 Propertio
1016 1790 1142 1856 ‘uidere
1161 1793 1256 1856 feras’
1276 1791 1347 1856 sine

186 1895 302 1959 idonea
328 1916 425 1959 causa
450 1917 520 1959 esse
547 1903 754 1981 temptatum.
802 1918 877 1958 nam
902 1895 989 1980 quod
1016 1895 1109 1959 aiunt
1136 1894 1247 1961 uidere
1273 1904 1346 1959 tum

185 1999 317 2063 demum
344 2020 401 2083 pro
428 1998 522 2064 odire
547 1999 695 2083 usurpari
725 2021 800 2063 cum
828 2006 886 2063 aut
916 1999 1003 2062 locus
1030 2006 1088 2062 aut
1114 2005 1221 2063 status
1246 1998 1347 2084 signi·

185 2103 309 2177 ficetur,
330 2103 448 2168 Latino
468 2103 608 2167 sermoni
627 2125 702 2167 suas
723 2103 810 2191 leges
831 2104 1013 2189 imponunt.
1058 2104 1154 2168 testis
1171 2095 1345 2188 [Senecae]

184 2209 247 2294 Ay.
270 2211 334 2274 630
355 2230 421 2293 sqq.
442 2207 517 2293 ‘qui
546 2207 633 2272 uidet
659 2208 767 2272 uoltus
796 2207 991 2272 Acherontis
1022 2207 1086 2271 atri
1104 2205 1109 2293 Ι
1130 2208 1251 2293 quique
1281 2230 1345 2273 non

185 2311 288 2375 tristis
304 2311 407 2397 Styga
422 2312 550 2375 tristem
566 2310 659 2376 odiro
677 2308 681 2397 Ι
702 2310 820 2386 audct,’
836 2310 931 2376 Ouid.
945 2310 1020 2376 Met.
1038 2313 1087 2376 14.
1105 2313 1167 2374 125
1184 2334 1228 2397 sq.
1244 2318 1347 2397 ‘quae

186 2437 238 2479 me
264 2415 333 2480 loco
359 2414 471 2478 mortis
495 2414 595 2490 odiro,
616 2411 620 2498 Ι
640 2435 723 2498 quae
754 2413 823 2478 loca
848 2436 901 2477 me
928 2413 1018 2479 uisae
1046 2413 1180 2478 uoluisti
1207 2413 1347 2479 euadere

186 2518 328 2598 mortis’3
352 2518 444 2583 uidet
465 2525 603 2581 mortem
619 2516 676 2602 qui
697 2517 810 2580 mortis
831 2517 901 2581 loca
918 2516 997 2582 adit.
1042 2517 1169 2603 respuit
1186 2517 1347 2582 rationem

185 2625 276 2688 illam
292 2624 391 2688 etiam
409 2623 574 2709 Vergilius
589 2622 668 2686 Aen.
686 2624 716 2687 3.
731 2624 794 2686 431.
813 2629 929 2707 ‘quam
945 2622 1045 2686 semel
1060 2621 1232 2687 informem
1253 2629 1348 2686 uasto

184 2728 305 2793 uidisse
319 2727 374 2791 sub
390 2735 483 2791 antro
502 2724 506 2812 Ι
527 2725 671 2810 Scyllam
686 2732 719 2788 et
735 2725 889 2789 caeruleis
904 2722 1038 2789 canibus
1054 2723 1239 2788 resonantia
1252 2725 1348 2789 saxa’

187 2831 238 2895 dic
261 2831 348 2896 enim
372 2830 473 2905 sodes,
497 2828 605 2914 Scylla
627 2827 693 2904 illa,
716 2849 799 2913 quac
825 2827 976 2892 ‘canibus
1001 2827 1131 2892 rabidas
1157 2828 1244 2892 inter
1266 2829 1348 2916 fero

186 2943 329 3020 serperet
344 2933 464 2999 undas'
480 2933 577 3016 (Pon.
593 2932 766 2998 Messallae
782 2930 848 3013 72),
863 2943 974 2996 utrum
996 2932 1085 2997 locus
1108 2941 1185 3010 erat,
1201 2941 1239 2997 ut
1263 2940 1348 2998 esset

185 3041 273 3106 locus
292 3040 328 3104 in
348 3041 426 3116 loco,
446 3062 488 3103 an
509 3042 637 3102 status?
675 3047 762 3101 certe
784 3037 841 3122 qui
863 3036 948 3102 uidit
969 3037 1120 3122 Scyllam,
1136 3037 1223 3102 uidit
1236 3038 1347 3103 feram.

186 3153 224 3209 ut
239 3144 279 3209 ad
296 3144 412 3208 Manili
431 3140 642 3228 Propertique
663 3141 852 3206 societatem
871 3150 1024 3220 reuertar,
1040 3163 1148 3206 nonne
1167 3140 1348 3205 Maniliana

185 3247 242 3311 illa
262 3265 275 3310 1
297 3250 358 3311 511
376 3268 421 3331 sq.
445 3245 616 3308 ‘Troianos
637 3244 757 3309 moeres
777 3243 812 3307 in
827 3253 988 3327 quantum
1004 3242 1106 3307 oblita
1122 3241 1242 3307 refouit
1261 3240 1266 3328 Ι
1287 3242 1347 3304 im-

186 3350 331 3436 perium!
368 3350 444 3412 fatis
464 3347 562 3411 Asiae
583 3346 649 3410 iam
674 3345 811 3411 &aecio
829 3367 944 3429 presso
965 3345 1026 3410 ost'
1045 3345 1152 3409 multa
1173 3343 1213 3409 de
1238 3344 1348 3429 quarti

186 3453 260 3518 libri
276 3452 454 3539 elegiarum
469 3449 611 3514 carmine
626 3450 731 3535 primo
748 3448 783 3512 in
798 3457 944 3512 mentem
959 3459 1132 3526 reuocant;
1151 3449 1180 3512 4.
1198 3451 1225 3513 1.
1244 3450 1285 3512 53
1301 3470 1348 3533 sq.

187 3558 324 3622 ‘uertite
340 3577 470 3641 equum,
485 3553 602 3629 Danai,
617 3552 701 3616 male
718 3552 866 3629 uincitis3
891 3550 955 3614 Ilia
970 3551 1068 3615 tellus
1088 3548 1094 3637 Ι
1112 3550 1207 3615 uiuet
1222 3560 1256 3614 et
1272 3549 1349 3615 huic

186 3661 287 3729 cineri
309 3659 458 3745 Iuppiter
479 3681 569 3723 arma
589 3656 698 3733 dabit:
721 3656 763 3722 ib.
785 3659 847 3721 116
872 3663 924 3721 ‘et
946 3663 1040 3719 natat
1061 3655 1190 3719 exuuiis
1210 3653 1349 3720 Graecia

181 3787 296 3852 presso
307 3765 390 3828 suis’
404 3763 503 3847 (quod
513 3785 578 3826 non
591 3783 769 3846 premerem
782 3761 845 3825 nisi
857 3769 1033 3846 utrumque
1046 3761 1087 3824 de
1097 3759 1212 3824 Troiae
1223 3759 1349 3824 ultione

186 3868 369 3951 diceretur).
416 3868 478 3930 huc
497 3866 628 3930 accedet
653 3881 690 3928 lv
708 3867 748 3929 23
765 3887 831 3950 sqq.
848 3871 924 3929 ‘aut
947 3862 1010 3927 nisi
1031 3864 1101 3927 fata
1123 3861 1238 3927 darent
1261 3862 1349 3946 leges

187 3972 342 4057 uitaeque
365 3970 516 4055 necisque
535 3967 539 4055 Ι
561 3969 721 4054 fugissent
743 3969 835 4053 ignes
857 3970 1029 4033 Aeneam?
1059 3966 1157 4032 Troia
1178 3966 1239 4031 sub
1260 3965 1347 4051 unol

219 4159 228 4191 ¹
251 4157 353 4220 insigne
380 4157 459 4206 huius
486 4156 525 4206 rei
555 4156 741 4206 documentum
792 4154 1348 4219 nndcfluxitcomparstus‘namsiluxarit

188 4241 316 4292 Martialis
331 4241 405 4290 locus
421 4242 446 4292 4.
465 4241 504 4291 86.
525 4242 540 4291 9
557 4253 595 4300 sq.
614 4239 652 4288 ‘si
669 4239 740 4289 dam-
792 4239 826 4289 ad
834 4239 1001 4290 librariorum
1015 4242 1019 4304 Ι
1034 4253 1138 4290 curram
1146 4237 1261 4288 sorinia’
1277 4238 1349 4289 locos

186 4326 299 4385 nauarit,
312 4325 344 4375 sd
356 4324 512 4376 salariorum
526 4323 530 4388 Ι
546 4336 634 4372 curras
644 4320 741 4371 scrinis
792 4321 905 4371 contulit
916 4319 1018 4371 amicus
1029 4323 1120 4370 noster
1130 4319 1184 4371 Iso.
1197 4319 1229 4372 D.
1244 4319 1308 4370 Dufl
1319 4320 1348 4370 in

186 4409 306 4473 protinus
324 4407 424 4459 licebit'
445 4421 504 4458 curn
524 4404 672 4456 Catulliano
696 4402 741 4454 illo
792 4402 906 4454 editione
917 4403 962 4453 lib.
974 4419 991 4453 v
1001 4401 1107 4453 Lucreti
1117 4416 1144 4467 p.
1157 4403 1210 4455 xix.
