3074 5092
524 322 592 382 SIL
602 323 649 382 Va
678 322 935 381 MANILIANA.
1274 318 1311 376 29

283 530 348 571 non
372 508 466 571 annis
488 507 566 571 anni
589 529 649 571 neo
672 528 799 571 menses
822 505 989 570 mensibus
1011 527 1116 590 usque
1251 506 1315 568 530

284 611 486 676 conueniunt
509 634 608 697 seque
631 611 701 698 ipse
724 610 794 676 dies
818 610 986 695 aliumque
1009 609 1148 695 requirit

284 717 428 802 horaque
450 739 515 781 non
538 739 693 802 umquam
717 717 833 782 similis
856 716 1045 802 producitur
1068 714 1173 779 horae.

219 854 254 918 in
277 877 307 918 u.
333 858 394 919 531
419 854 582 941 otiumque
603 854 722 918 mirum
744 854 780 918 in
802 852 935 917 modum
957 861 1089 937 torquet
1112 852 1316 936 interpretes

156 958 214 1044 qui
234 959 378 1035 laterem,
398 959 484 1044 quod
505 959 631 1036 dicitur,
651 958 772 1023 lauant.
818 958 1025 1024 scribendum
1048 957 1200 1022 alienun.
1246 956 1316 1041 ipse

156 1062 224 1126 dies
243 1062 362 1127 frustra
381 1084 415 1127 se
436 1063 637 1128 extrinsecus
659 1064 796 1150 quaerit,
817 1085 874 1128 seu
895 1063 1009 1140 mauis,
1025 1061 1109 1126 nihil
1125 1060 1189 1125 diei
1205 1082 1264 1146 par
1279 1082 1316 1124 ao

156 1165 262 1230 simile
278 1166 340 1230 nisi
356 1167 433 1252 ipse.

221 1270 277 1334 sed
304 1292 346 1334 ne
372 1271 430 1355 qui
454 1272 653 1356 praecedunt
671 1271 804 1356 quidem
827 1292 941 1334 uersus
965 1270 1036 1334 sani
1060 1292 1129 1334 esse
1154 1268 1315 1333 uidentur.

156 1374 299 1459 primum
329 1375 364 1438 in
394 1397 424 1438 u.
457 1373 518 1439 527
554 1375 590 1439 iu
620 1383 744 1440 cunctos
774 1373 871 1460 plane
904 1374 996 1439 aliud
1030 1382 1080 1438 est
1109 1382 1208 1459 atque
1240 1381 1316 1457 ‘per

157 1478 308 1543 cunctos'
335 1481 387 1558 (iv
414 1475 470 1560 97)
497 1478 582 1563 quod
607 1478 746 1542 contulit
769 1477 947 1543 Bentleius.
1005 1487 1133 1542 ueteres
1159 1476 1231 1542 edd.
1261 1476 1316 1538 ‘in

158 1581 292 1647 cunctis'
314 1582 444 1646 habent.
490 1579 695 1645 scribendum
710 1580 843 1644 fortasse
859 1602 917 1665 pro
934 1581 987 1644 ‘in
1002 1582 1129 1645 cuctos’
1146 1576 1316 1665 ‘inceptu'

159 1687 216 1751 he.
230 1703 426 1762 INOEPTVM,
441 1683 666 1770 geminatura
682 1706 747 1769 qua
761 1683 877 1769 incipit
892 1685 1059 1751 ‘seruant'
1097 1686 1232 1748 fortasse
1244 1683 1317 1768 quis

160 1790 312 1855 maluerit
342 1782 349 1821 ²
361 1789 502 1875 inceptos
533 1785 676 1853 tenores'
708 1788 794 1873 quod
825 1788 906 1852 illud
937 1788 1135 1853 uocabulum
1165 1811 1185 1852 a
1209 1786 1316 1852 Statio

159 1893 277 1978 plurali
293 1893 434 1956 effertur.
480 1913 555 1955 mox
576 1913 658 1976 quae
680 1890 837 1954 claudunt
857 1913 911 1956 uu.
929 1894 991 1954 528
1007 1901 1041 1955 et
1058 1894 1121 1956 530
1141 1913 1318 1977 usquam-

159 2019 257 2082 usqoe
278 1997 407 2061 inuerso
427 1996 538 2060 ordine
553 1995 649 2060 scribi
660 1996 835 2060 debebunt.
882 1996 926 2060 sic
943 1995 1032 2060 enim
1046 1995 1211 2060 sententia
1227 1994 1319 2079 flagi-

160 2107 220 2177 tat,
233 2100 376 2164 ‘fortuna
391 2122 456 2164 non
472 2108 582 2164 seruat
597 2108 745 2164 tenorem
760 2121 820 2164 nec
835 2122 931 2185 usque
947 2101 988 2183 (=
998 2099 1039 2163 ad
1054 2099 1164 2176 finem,
1180 2100 1321 2184 semper)

160 2203 347 2289 permanet'
369 2204 425 2267 sed
449 2211 592 2267 ‘menses
608 2226 765 2289 nosquam
781 2203 947 2267 mensibus
963 2203 1174 2280 conueniunt,
1188 2213 1222 2267 et
1238 2201 1320 2265 nulli

71 2369 75 2376 .
161 2306 258 2372 horae
274 2307 388 2372 similis
410 2306 489 2372 hora
511 2307 715 2392 producitur?
760 2307 847 2393 quod
863 2307 951 2372 idem
966 2306 1163 2372 uocabulum
1179 2305 1319 2392 ‘usque’

161 2419 196 2476 et
211 2410 345 2475 inducat
369 2433 501 2474 uersum
520 2419 553 2475 et
575 2411 715 2487 claudat,
730 2410 819 2475 haud
834 2411 948 2476 eodem
964 2422 1077 2475 tamen
1091 2433 1187 2476 sensu
1202 2411 1319 2496 accipi-

161 2518 291 2595 endum,
308 2538 403 2582 nemo
420 2516 592 2582 mirabitur
607 2516 664 2603 qui
681 2526 831 2582 ueterum
846 2517 1040 2603 scriptorum
1055 2518 1180 2603 peritus
1195 2517 1246 2581 sit.

226 2672 269 2720 m
293 2659 355 2720 545
371 2677 437 2742 sqq.
681 2741 775 2807 uenit
797 2742 902 2806 omnis
923 2741 964 2806 ad
987 2748 1111 2806 astrum

292 2845 371 2909 hora
393 2845 446 2910 die
468 2845 527 2923 bis,
550 2867 660 2910 mense
683 2846 753 2910 dies
775 2846 883 2924 semel,
906 2868 992 2910 unus
1013 2846 1049 2910 in
1071 2868 1156 2910 anno

293 2949 414 3013 mensis
437 2956 471 3013 et
493 2947 615 3012 exactis
638 2948 687 3012 bis
710 2971 765 3012 sex
788 2948 854 3012 iam
877 2947 998 3013 solibus
1020 2971 1131 3013 annus.

228 3067 317 3144 haec,
332 3077 371 3131 ut
385 3067 484 3151 uulgo
499 3067 787 3153 interpunguntur,
804 3089 899 3132 sensu
916 3076 1035 3134 carent.
1080 3090 1155 3132 nam
1177 3089 1251 3131 cum
1267 3084 1321 3132 xll

163 3171 256 3256 signa
276 3172 351 3247 sint,
367 3171 418 3236 bis
438 3172 491 3254 (ut
509 3171 592 3235 duce
608 3171 743 3236 Manilio
758 3193 931 3236 numerum
947 3192 1074 3256 ponam,
1090 3180 1197 3257 partes
1213 3172 1322 3258 negle-

162 3278 253 3362 gam)
276 3276 413 3363 singulis
436 3276 602 3340 mensibus
626 3275 667 3340 ad
694 3276 780 3340 idem
807 3275 935 3340 reditur
960 3283 1108 3340 astrun11.
1153 3297 1253 3360 quare
1278 3275 1323 3340 sic

165 3380 282 3445 melius
296 3379 501 3444 distinxeris:

667 3465 761 3530 uenit
783 3465 888 3529 omnis
914 3465 955 3529 ad
982 3473 1107 3530 astrum

295 3568 375 3632 hora
398 3567 452 3632 die
479 3568 538 3645 bis,
564 3590 676 3632 mense
702 3568 780 3646 dies,
807 3567 907 3632 semel
929 3589 1015 3631 unus
1039 3567 1074 3631 in
1098 3589 1183 3631 anno

296 3670 424 3737 mensis

230 3816 313 3858 unos
335 3792 559 3878 neglegentius
582 3793 707 3857 dictum
734 3815 792 3878 pro
817 3792 989 3877 ‘singulis'
1016 3801 1054 3856 ut
1081 3792 1168 3879 apud
1194 3792 1326 3856 Liuium

167 3897 397 3963 etiam11113.
420 3901 448 3970 8,
471 3901 588 3961 VI118.
613 3900 642 3972 4,
666 3896 713 3960 sic
736 3895 824 3980 apud
850 3895 1020 3962 Catullum
1042 3898 1105 3960 113
1126 3896 1183 3960 ubi
1208 3896 1328 3960 frustra

166 4001 414 4067 tumultuantur
440 4008 710 4065 commentatores
730 3999 885 4066 ‘Consule
909 4000 1064 4085 Pompeio
1089 4000 1231 4085 primurn
1254 4000 1328 4079 duc,

168 4105 282 4182 Cinna,
297 4104 443 4169 solebant
462 4102 466 4190 Ι
488 4105 672 4169 Mucillam:
691 4105 775 4168 facto
791 4104 922 4168 consule
937 4125 1024 4167 nunc
1036 4104 1155 4167 iterum
1175 4101 1179 4184 Ι
1201 4124 1327 4167 manse-

167 4217 245 4274 runt
256 4209 321 4273 duo
333 4208 390 4273 sed
402 4218 576 4273 creuerunt
587 4208 677 4273 milia
688 4209 723 4272 in
734 4230 837 4272 uuum
850 4212 853 4295 t
864 4207 1001 4293 singula.
1031 4206 1205 4271 fecundum
1217 4229 1328 4271 semen

406 4368 416 4404 1
433 4384 525 4428 uerum
537 4368 605 4419 uidit
616 4367 807 4437 Delphinianae
819 4367 942 4420 editionis
953 4367 1088 4431 interpres.
