3074 5092
572 373 694 434 SILVA
725 375 980 435 MANILIANA.
1318 376 1356 434 53

261 580 365 644 neque
392 557 543 624 hesternis
572 556 659 644 quod
690 557 941 635 Gemblacensis,
970 557 1153 644 Lipsiensis
1179 556 1356 623 Vossianus

194 661 285 738 alter,
301 661 502 726 Matritensis
523 661 658 726 tradunt
674 673 760 727 recte
781 662 971 748 probaueris
990 685 1097 748 neque
1119 663 1254 728 cateruis
1269 660 1356 747 quod

194 766 301 831 ceteri.
346 788 411 853 quo
435 766 530 831 modo
552 766 638 831 enim
660 775 784 832 actores
805 766 888 830 nihil
910 766 973 830 nisi
996 775 1204 831 externorum
1225 774 1355 830 tantum

193 869 386 954 scriptorum
414 891 512 954 opera
537 870 643 934 acturi
673 872 772 934 sunt?
817 869 897 955 quin
927 870 1076 935 Artemis
1105 869 1242 955 reponis,
1268 868 1354 954 quod

193 974 272 1039 alibi
299 996 426 1060 quoque
453 997 527 1039 cum
554 975 691 1041 cateruis
717 982 751 1039 et
777 975 930 1040 hesternis
955 975 990 1038 in
1012 975 1102 1040 libris
1129 974 1257 1060 scriptis
1282 995 1354 1058 per-

193 1078 348 1144 miscetur
376 1087 411 1144 et
437 1078 491 1143 hic
516 1078 650 1163 quidem
681 1102 700 1142 a
730 1101 826 1143 uersu
854 1078 917 1143 475
944 1079 1035 1165 ‘quis
1061 1079 1236 1143 incuncta
1261 1099 1350 1142 suam

193 1185 348 1269 produxit
362 1185 491 1249 saecula
507 1184 628 1249 uitam’
645 1185 774 1270 egregie
790 1184 932 1249 fulcitur.
962 1184 1042 1249 dicit
1058 1183 1212 1247 Manilius
1229 1182 1353 1267 Cephei

192 1298 313 1374 partus,
335 1289 363 1353 si
384 1288 470 1354 uires
490 1288 668 1353 defecerint
688 1310 753 1373 quo
775 1289 882 1352 minus
903 1287 965 1374 ipsi
988 1287 1185 1352 immortalia
1207 1295 1352 1373 pangant

192 1394 344 1469 carmina,
376 1403 488 1459 tamen
518 1393 582 1458 illis
611 1392 852 1458 immortalibus
883 1392 988 1478 poetis
1018 1415 1097 1456 uoce
1128 1401 1162 1456 et
1192 1399 1288 1478 gestu
1318 1391 1352 1455 in

192 1519 307 1561 scaena
331 1497 517 1562 seruituros

257 1667 282 1714 v
304 1652 368 1716 483

359 1788 416 1844 aut
439 1802 573 1865 magnos
594 1780 708 1845 heroas
730 1787 807 1866 aget
829 1778 1017 1865 scaenisque
1040 1787 1166 1865 togatas

256 1931 384 1988 ‘versus
413 1924 542 2010 spurius
569 1933 602 1988 et
633 1924 803 2002 barbarus,’
832 1923 877 1988 sic
907 1924 961 1988 ille
994 1923 1172 1999 Bentleius,
1199 1921 1254 1986 sed
1285 1943 1350 1985 non

191 2026 341 2091 omnibus
360 2028 528 2112 persuasit.
573 2050 641 2091 rem
660 2028 793 2112 propius
809 2027 987 2091 uideamus.
1032 2026 1092 2091 sub
1109 2026 1241 2111 Cepheo
1262 2025 1350 2089 nasci

191 2129 270 2195 dicit
301 2131 455 2196 Manilius
484 2139 519 2196 et
548 2133 687 2217 tragicos
717 2133 887 2217 scriptores
917 2131 1119 2215 (459-471)
1150 2141 1183 2196 et
1213 2130 1350 2222 cornices

190 2232 400 2318 (471-477).
445 2235 559 2298 hocin
582 2235 768 2300 auctoribus
792 2235 967 2321 diligenter
989 2246 1155 2301 seruatum
1175 2233 1349 2298 discrimen

190 2359 247 2402 cur
273 2360 338 2402 non
361 2338 396 2402 in
419 2338 582 2403 actoribus
604 2339 766 2403 seruerit?
819 2339 965 2403 seruauit
987 2339 1099 2417 cred03
1126 2338 1182 2402 sed
1205 2337 1349 2403 aboleuit

191 2442 243 2506 uel
272 2453 362 2525 aetas
385 2444 438 2507 uel
461 2465 558 2508 casus.
604 2452 676 2528 post
699 2452 823 2528 topatus
844 2445 913 2508 siue
935 2453 1058 2529 topatus
1082 2443 1174 2508 malis
1195 2444 1285 2526 (nam
1308 2442 1349 2506 de

189 2545 248 2610 hoc
263 2546 395 2632 quidem
412 2546 577 2611 liberrima
594 2569 671 2612 sane
690 2547 881 2613 coniectatio
897 2550 961 2632 est)
977 2549 1044 2612 hiat
1065 2548 1175 2612 oratio.
1213 2547 1348 2612 lacunae

189 2649 280 2734 signo
305 2659 379 2736 post
407 2672 537 2715 uersum
564 2652 677 2736 posito,
701 2652 827 2737 reliqua
852 2654 921 2716 sine
948 2651 1124 2716 offensione
1152 2660 1186 2716 et
1213 2650 1348 2714 Manilio

189 2754 305 2838 utique
320 2752 510 2838 dignissima
524 2762 610 2820 sunt.

254 2928 279 2975 v
300 2913 365 2977 494

275 3057 413 3121 cumque
436 3036 604 3100 hominum
626 3035 754 3101 dederit
775 3046 899 3123 strages
920 3036 1012 3102 dabit
1034 3036 1090 3102 ille
1112 3038 1260 3103 ferarum.

255 3192 351 3256 huius
371 3213 484 3256 uersus
499 3190 695 3255 emendandi
710 3190 798 3255 uiam
820 3193 1091 3275 praemonstrauit
1113 3193 1276 3270 Barthius,
1291 3194 1349 3279 qui

187 3297 309 3362 deamat
331 3301 425 3383 (puto
449 3295 602 3380 deerant)
624 3298 820 3361 coniectasse
841 3296 968 3362 dicitur.
1014 3297 1139 3361 facilius
1160 3312 1209 3362 est
1229 3316 1346 3364 hanla

187 3409 310 3485 strapes
335 3401 468 3465 fortasse
495 3402 537 3464 ab
568 3409 698 3465 auctore
725 3411 775 3465 est
802 3401 953 3486 quamuis
982 3409 1122 3486 stroyeM
1150 3402 1345 3468 concinnius.

186 3514 298 3569 contra
326 3503 494 3569 Bentleius
518 3512 656 3580 ‘versus
678 3503 799 3589 opinor,
826 3504 954 3590 spurius
981 3505 1177 3569 seutentiam
1206 3501 1345 3570 mediam

186 3607 442 3693 interrumpens?
496 3608 732 3695 interrumpere
751 3609 922 3673 fatendum
943 3619 1000 3674 est.
1046 3632 1144 3694 quare
1160 3619 1273 3675 anteat
1289 3610 1346 3696 qui

185 3733 272 3776 nunc
298 3711 446 3796 sequitur
471 3733 603 3791 uersus3
634 3712 716 3775 nihil
741 3711 806 3775 iam
835 3711 930 3775 uideo
957 3710 1043 3796 quod
1066 3714 1099 3776 in
1126 3735 1164 3777 eo
1188 3714 1346 3799 culpetur,

185 3814 243 3902 qui
257 3815 302 3880 sic
318 3837 392 3879 cum
407 3815 522 3881 ceteris
537 3816 739 3880 cohaerebit:

273 3962 360 4027 illius
382 3963 416 4026 in
439 3963 533 4027 terris
556 3963 689 4027 orientis
712 3972 857 4049 tempore
880 3971 978 4028 natus
1281 3970 1345 4032 492

275 4068 315 4132 ad
339 4067 442 4153 spolia
463 4077 497 4133 et
520 4077 630 4153 partas
652 4079 765 4154 surget
786 4068 840 4132 uel
863 4068 960 4132 caede
982 4069 1111 4153 rapinas

273 4193 332 4236 nec
355 4194 466 4257 pacem
490 4195 510 4236 a
532 4172 625 4249 bello,
648 4172 754 4237 ciuem
778 4172 938 4236 discernet
961 4172 1003 4237 ab
1027 4175 1127 4251 hoste,
1282 4180 1345 4242 495

273 4300 411 4364 cumque
435 4278 604 4342 hominum
628 4295 733 4342 DERIT
755 4288 888 4365 strages,
912 4277 1004 4342 dabit
1025 4278 1081 4342 ille
1104 4279 1243 4343 ferarum
1281 4283 1346 4347 494

272 4381 341 4468 ipse
364 4381 426 4446 sibi
449 4381 502 4446 lex
525 4371 582 4446 est.
