3074 5092
282 362 299 418 2
655 357 778 416 SILVA
808 354 1065 414 MANILIANA.

282 543 471 621 orationem,
486 540 688 606 mentionem
703 537 879 603 desiderari
894 537 1032 622 Aquari;
1054 536 1166 621 itaque
1184 535 1248 600 huc
1268 534 1325 598 illa
1343 532 1444 598 uerba

283 648 419 713 transire
435 647 538 724 iussit,
555 645 590 708 in
605 644 692 709 hunc
707 643 840 708 modum
856 643 984 708 refiota:

426 798 499 861 pars
521 784 565 842 est
583 775 696 861 primu
717 796 829 840 nocens
851 773 1008 839 tumeatis
1031 794 1158 858 semper
1180 770 1306 856 Aquari
1315 777 1333 836 ¹.

284 905 333 970 ita
358 905 491 969 demum
518 928 576 969 suo
601 905 669 968 loco
695 927 759 967 non
788 902 880 968 deest
910 904 966 968 ille
992 925 1106 967 uersus
1133 903 1189 988 qui
1216 909 1314 966 antea
1339 899 1445 965 alieno

285 1017 451 1095 supererat
468 1008 521 1073 uel
535 1009 643 1094 potius
659 1008 778 1073 oberat.

351 1136 450 1198 quam
477 1114 596 1177 uellem
624 1111 759 1177 eandem
784 1113 818 1176 in
841 1130 865 1176 v
888 1136 918 1176 u.
944 1115 1006 1176 514
1030 1114 1108 1189 (543
1137 1110 1261 1193 iacobi)
1285 1109 1442 1174 rationem

286 1227 415 1282 secutus
430 1222 527 1281 esset!
564 1216 616 1281 bic
632 1217 717 1280 inter

374 1345 450 1410 hinc
472 1345 627 1430 Pompeia
649 1352 782 1409 manent
804 1343 925 1409 ueteris
948 1350 1161 1408 monumenta
1182 1340 1342 1427 triumphi

287 1456 321 1513 et

431 1558 495 1599 non
520 1535 679 1600 exstincta
701 1535 755 1599 lue
778 1556 969 1620 semperque
992 1533 1136 1598 recentia
1157 1533 1298 1596 flammis

287 1673 356 1736 loco
378 1672 574 1737 alienissimo
596 1673 717 1758 legitur

407 1809 442 1866 et
463 1802 549 1887 quod
573 1809 643 1866 erat
665 1823 803 1888 regnum
826 1802 961 1888 pelagus
983 1801 1054 1890 fuit
1070 1823 1136 1865 una
1158 1801 1325 1866 malorum.

353 1938 440 2003 hunc
462 1962 493 2004 u.
515 1939 652 2003 Iacobus
675 1939 798 2023 optime
818 1947 892 2025 post
914 1940 976 2002 542
997 1937 1206 2022 transposuit,
1227 1938 1350 2023 optime
1368 1959 1447 2023 quo-

288 2065 359 2128 que,
386 2043 473 2128 quod
499 2065 519 2106 a
544 2043 705 2127 prioribus
734 2065 863 2128 quoque
890 2050 1054 2126 repertum
1082 2050 1159 2118 erat,
1183 2064 1241 2127 pro
1267 2041 1447 2126 naufraqia

287 2147 332 2230 (u.
350 2147 427 2228 542)
441 2145 619 2232 nauffrapa
634 2145 772 2209 totidem
788 2146 906 2210 litteris
920 2145 1096 2220 reuocauit,
1110 2145 1179 2208 loco
1194 2144 1239 2208 sic
1252 2145 1448 2208 reformato:

376 2274 458 2339 hanc
480 2276 643 2358 quondam
667 2297 790 2361 poenae
813 2274 956 2338 dirorum
979 2274 1074 2360 culpa
1095 2281 1270 2358 parentum
1384 2275 1448 2338 540

375 2376 527 2463 prodidit,
550 2377 686 2442 infestus
708 2379 786 2442 totis
808 2400 882 2442 cum
905 2378 1025 2442 finibus
1048 2377 1152 2441 omnis

375 2480 525 2545 incubuit
548 2489 677 2565 pontus.
722 2480 836 2544 timuit
858 2481 1026 2566 nauifraga
1047 2481 1146 2545 tellus
1385 2483 1448 2544 542

376 2593 410 2648 et
432 2585 518 2669 quod
541 2594 611 2650 erat
633 2608 769 2671 regnum
792 2588 927 2672 pelagus
950 2587 1022 2652 fuit.
1066 2610 1134 2651 una
1156 2586 1313 2651 malorum
1385 2588 1449 2649 514

376 2689 539 2774 proposita
561 2696 611 2753 est
634 2711 756 2753 merces
778 2711 898 2754 uesano
921 2689 1038 2754 dedere
1061 2697 1161 2773 ponto
1385 2691 1448 2754 543

376 2793 616 2870 Andromedan,
638 2800 766 2857 teneros
789 2803 828 2859 ut
849 2794 959 2859 bellua
982 2794 1151 2859 manderet
1172 2802 1269 2859 artus.

356 2923 447 2987 uides
469 2923 637 3008 aptissime
659 2925 751 3009 regni
772 2926 806 2988 in
830 2933 836 2957 ‘
848 2925 999 3010 pelagus'
1022 2926 1169 2990 conuersi
1192 2925 1244 2989 hic
1266 2925 1337 2990 fieri
1359 2949 1449 2991 men-

289 3028 421 3104 tionem,
454 3027 621 3112 aptissime
659 3029 749 3092 illam
784 3030 965 3094 mercedem
1001 3037 1070 3094 tam
1106 3030 1193 3095 nude
1223 3030 1363 3115 positam
1393 3052 1451 3115 per

289 3127 483 3193 ‘malorum'
508 3128 583 3192 sede
606 3137 735 3194 mutata
756 3130 821 3194 iam
844 3131 997 3195 facillime
1021 3132 1195 3216 explicari3
1221 3132 1276 3195 sed
1301 3130 1451 3216 displicet

289 3232 370 3296 illud
387 3232 500 3297 timuit.
547 3253 603 3295 cur
619 3233 706 3296 enim
722 3255 805 3317 quae
821 3235 961 3298 nauibus
977 3235 1123 3299 timenda
1139 3243 1210 3300 erat
1228 3237 1298 3320 ipsa
1318 3236 1451 3300 timeret

289 3337 409 3400 tellus?
468 3335 571 3419 magis
600 3335 700 3399 etiam
730 3335 880 3421 displicet
908 3339 990 3424 fait,
1021 3340 1209 3422 praesertim
1241 3361 1315 3402 cum
1345 3339 1450 3405 ‘erat'

289 3439 505 3504 antecesserit.
550 3440 772 3525 reponendum
795 3444 949 3509 narrauit
964 3443 1010 3528 (f
1025 3451 1099 3528 post
1109 3443 1139 3528 s
1149 3443 1304 3508 excidisse
1324 3443 1380 3508 uix
1401 3454 1452 3508 est

291 3542 378 3628 quod
390 3543 564 3624 moneam);
587 3565 660 3605 mox
668 3542 775 3629 fulsit.
809 3553 986 3630 utrumque
1002 3568 1076 3609 cum
1092 3568 1208 3612 uesano
1217 3556 1316 3632 ponto
1328 3546 1452 3633 optime

291 3645 454 3713 conuenit.

356 3783 467 3867 spuria
481 3784 631 3849 Bentleio
646 3785 718 3849 uisa
733 3794 812 3851 sunt
827 3804 840 3850 1
858 3790 1046 3853 128-131:

378 3911 448 3974 siue
470 3909 649 3975 indiuiduis
671 3911 704 3975 in
729 3911 816 3976 idem
839 3914 985 3978 reditura
1008 3914 1115 3978 soluta

378 4013 544 4099 principiis
566 4023 685 4080 natura
706 4026 818 4082 manet
840 4025 913 4101 post
935 4019 1063 4083 saecula
1087 4020 1175 4083 mille

380 4126 414 4181 et
436 4138 539 4203 paene
562 4139 602 4181 ex
624 4118 726 4183 nihilo
749 4130 917 4206 sumptum
942 4130 991 4187 est
1015 4123 1220 4207 nihilumque
1243 4124 1391 4189 futurum

379 4242 537 4306 caecaque
561 4223 712 4288 materies
734 4224 861 4289 caelum
884 4227 1020 4312 perfecit
1042 4236 1075 4291 et
1097 4229 1217 4293 orbem.

337 4390 347 4422 ¹
363 4406 429 4444 num
440 4394 508 4441 recte
513 4392 650 4454 fundentis
660 4395 811 4456 mutauerit
823 4397 934 4449 fortasse
946 4398 1064 4460 dubitem
1083 4402 1167 4452 cetera
1178 4400 1326 4453 certissima
1337 4404 1407 4453 sunt.
