3074 5092
584 1313 755 1389 OAPVT
807 1315 837 1389 Ι.

295 1564 355 1628 DE
393 1563 525 1631 LOCIS
566 1565 745 1630 SPVRIIS
786 1567 841 1630 ET
881 1567 1128 1632 SVSPECTIS.

195 1772 389 1837 Nostrarum
405 1772 440 1836 in
455 1773 628 1837 Manilium
645 1773 893 1838 adnotationum
914 1795 1026 1838 ansam
1041 1783 1140 1860 atque
1156 1775 1288 1839 initium

129 1874 171 1938 ab
186 1897 224 1938 eo
240 1876 311 1939 uiro
326 1887 476 1960 petemus
491 1877 549 1961 qui
568 1877 603 1940 in
625 1877 722 1941 huius
743 1878 907 1963 scriptoris
925 1877 1066 1941 camnine
1087 1877 1289 1941 emendando

129 1983 251 2039 ceteros
267 1977 360 2061 equis
375 1977 458 2041 albis
472 1978 730 2063 praecucurrisse
745 1978 834 2042 haud
855 1978 993 2042 absurde
1014 1978 1148 2043 dicatur.
1197 1979 1289 2042 cuius

129 2079 228 2143 etiam
245 2080 272 2142 si
287 2103 406 2144 nomen
422 2082 617 2158 reticuerim,
634 2081 671 2146 R.
688 2083 896 2146 BENTLEIVM
914 2104 982 2146 esse
998 2082 1177 2166 legentium
1193 2103 1288 2145 nemo

129 2207 193 2248 non
224 2186 451 2250 intellecturus
486 2197 544 2251 est.
604 2195 682 2251 sunt
714 2198 835 2263 tamen,
864 2195 903 2251 ut
932 2186 1065 2264 adsolet,
1094 2187 1128 2249 in
1159 2186 1289 2272 egregio

129 2311 259 2374 corpore
291 2291 409 2354 menda
434 2291 604 2374 quaedam,
630 2313 694 2354 non
726 2292 830 2354 multa
859 2291 915 2355 illa
943 2290 1077 2375 quidem
1103 2312 1162 2354 nec
1191 2290 1289 2354 uenia

130 2391 273 2478 indigna,
303 2394 359 2458 sed
390 2394 520 2458 silentio
553 2394 641 2458 nullo
671 2392 766 2458 modo
800 2395 1044 2479 praetereunda,
1076 2416 1117 2457 ne
1147 2393 1204 2457 illa
1229 2392 1287 2457 ali-

130 2518 267 2579 quorum
295 2497 451 2561 aduersus
478 2519 597 2581 magna
625 2497 758 2581 ingenia
787 2519 882 2562 caeca
910 2508 1010 2583 atque
1040 2497 1182 2582 inperita
1207 2497 1287 2560 adu-

130 2600 209 2664 latio
234 2623 290 2684 pro
317 2601 403 2665 ueris
425 2624 463 2665 ac
486 2601 596 2664 solidis
618 2623 709 2664 cassa
731 2609 830 2685 atque
854 2601 964 2665 inania
984 2601 1106 2685 ignaris
1129 2600 1286 2665 uenditet.

130 2703 250 2788 quippe
272 2725 408 2788 magnus
428 2703 484 2766 ille
501 2704 551 2767 uir
571 2703 637 2767 suis
652 2703 721 2788 ipse
736 2703 861 2789 ingenii
877 2703 1054 2767 luminibus
1073 2702 1151 2766 dum
1168 2703 1287 2767 mentis

130 2807 232 2870 aciem
253 2807 345 2890 quasi
366 2805 583 2891 praestringit,
608 2805 697 2870 illam
724 2807 813 2868 uiam
840 2828 877 2869 ac
902 2806 1062 2869 rationem
1090 2828 1187 2890 quam
1214 2805 1287 2869 aliis

128 2909 315 2973 ostenderat
334 2931 497 2994 quamque
520 2909 589 2993 ipse
610 2908 737 2993 ingredi
759 2916 918 2993 coeperat,
933 2907 1021 2971 haud
1041 2908 1090 2971 ita
1104 2930 1183 2985 raro,
1198 2910 1284 2993 quod

128 3036 203 3077 cum
233 3014 342 3078 dolore
368 3014 501 3090 mireris,
529 3013 680 3077 deseruit.
726 3035 802 3075 nam
830 3011 1039 3088 mehercules
1064 3012 1092 3075 si
1118 3034 1152 3075 se
1178 3013 1285 3097 ipsum

128 3116 243 3182 ducem
267 3140 394 3203 semper
415 3125 546 3181 secutus
569 3125 661 3193 esset,
686 3139 847 3202 perpauca
869 3116 904 3178 in
927 3114 1061 3179 Manilio
1084 3115 1286 3180 emendanda

128 3221 243 3285 ceteris
258 3221 449 3306 reliquisset.

193 3325 396 3389 luculentum
426 3326 524 3390 huius
553 3327 601 3390 rei
632 3327 819 3411 exemplum
849 3326 910 3391 erit
940 3326 994 3390 lib.
1026 3342 1053 3388 11
1084 3327 1256 3390 230-233
1266 3333 1284 3391 ¹.

128 3429 236 3492 uersui
264 3431 324 3493 231
353 3451 428 3492 eum
455 3452 586 3494 uersum
612 3429 779 3494 subiciunt
808 3429 932 3493 codices
958 3450 1057 3492 manu
1088 3427 1199 3513 scripti
1229 3429 1285 3513 qui

126 3530 193 3593 illic
212 3532 338 3616 positus
361 3540 394 3595 et
418 3532 487 3617 ipse
510 3554 606 3596 sensu
632 3532 719 3596 omni
749 3540 844 3596 uacet
866 3541 901 3595 et
923 3530 1088 3615 disiungat
1111 3532 1189 3596 artis
1212 3554 1284 3595 sen·

127 3634 305 3699 tentiarum
321 3635 414 3699 nodis
429 3637 516 3700 inter
531 3658 565 3700 se
581 3635 806 3700 cohaerentia:

256 3800 394 3864 parsque
417 3780 542 3843 marina
564 3779 672 3844 nitens
695 3779 863 3845 fundentis
886 3802 1012 3865 semper
1033 3780 1165 3865 Aquari.

128 3928 213 3992 hunc
243 3929 371 3993 falsario
401 3931 499 3995 alicui
529 3930 708 3996 attribuere
740 3932 953 3996 uanissimum
984 3940 1075 3996 esset.
1121 3939 1171 3995 est
1196 3932 1284 3996 enim

127 4032 247 4096 falsarii
263 4034 379 4117 putida
396 4057 433 4098 ao
452 4057 703 4120 superuacanea,
718 4059 782 4102 non
803 4046 853 4103 est
875 4059 969 4101 sensu
994 4059 1121 4122 prorsus
1143 4036 1286 4101 carentia

126 4135 296 4200 inculcare.
350 4136 428 4221 quid
459 4137 561 4222 igitur
587 4139 779 4203 Bentleiusl
824 4139 910 4203 uidit
937 4147 1009 4225 post
1036 4156 1074 4203 lv
1104 4140 1169 4204 489
1195 4138 1285 4203 hiare

275 4322 284 4354 ¹
302 4323 330 4372 in
342 4323 445 4374 Manilii
457 4325 576 4375 uersibus
587 4326 700 4376 citandis
711 4327 828 4377 numeris
839 4331 900 4378 utor
911 4326 1034 4377 editionis
1044 4327 1140 4377 Iacobi.

209 4450 234 4491 r.
252 4448 282 4492 u.
1187 4437 1200 4491 1
