3074 5092
476 331 535 389 AD
564 331 794 392 thorosum
824 332 1069 394 PRAEFATIO.
1306 330 1351 388 vii

324 516 358 572 et
380 508 495 573 uiridis
517 510 641 574 nemori
664 510 794 596 sanguis
817 508 945 576 decedit
968 520 1002 575 et
1024 509 1133 575 herbis
1177 513 1216 593 (v
1233 511 1318 589 212).

168 671 171 676 '
194 670 243 725 est
267 662 355 727 enim
378 671 416 727 ut
439 686 532 740 noue,
554 664 602 729 ita
624 664 704 729 dure
731 665 874 744 dictum;
904 649 1057 729 miraculo
1081 673 1190 729 tamen
1216 665 1348 750 propius

114 796 119 807 ·
193 782 243 838 est
259 775 442 839 Romanum
458 775 646 861 scriptorem
664 777 730 841 tale
751 777 924 863 quicquam
943 777 1128 862 periclitari.
1173 775 1255 841 illud
1271 797 1348 841 uero

192 887 366 971 egregium,

322 1035 367 1098 sic
389 1033 529 1112 adamas,
552 1043 710 1121 punctum
733 1037 860 1122 lapidis,
882 1037 1051 1124 pretiosior
1072 1059 1151 1103 auro
1174 1046 1223 1102 est

1146 1149 1199 1232 (rv
1215 1150 1301 1232 926).

258 1314 317 1356 nec
346 1292 519 1377 displicent
543 1293 601 1358 illa
624 1295 665 1358 de
689 1295 790 1359 ariete
816 1295 956 1360 Phrixeo
982 1295 1107 1382 fulgore
1133 1295 1204 1359 auri
1229 1295 1348 1358 fluctus

198 1403 381 1482 irradiante,

322 1575 397 1617 cum
419 1553 563 1650 uitreum
586 1554 712 1620 findens
734 1555 864 1620 aurauit
887 1555 1007 1620 uellere
1030 1563 1168 1640 pontum

1156 1669 1209 1749 (1v
1224 1669 1303 1750 515)

190 1813 341 1898 quamuis
355 1812 494 1878 uicerint
505 1813 750 1898 Propertianam
766 1815 800 1877 in
820 1835 853 1878 re
868 1812 967 1876 simili
982 1813 1152 1877 audaciam
1169 1819 1345 1876 ‘armorum

191 1933 225 1989 et
240 1924 338 1989 radiis
354 1925 442 2010 picta
456 1925 619 1990 tremebat
633 1925 737 2011 aqua’
752 1927 796 2006 (4.
813 1927 842 1990 6.
860 1927 924 2006 26).
1144 1909 1145 1912 Ἴ

255 2089 320 2153 iam
355 2089 382 2152 si
416 2090 584 2154 accesserit
622 2089 807 2174 argumenti
845 2087 954 2173 aliqua
990 2087 1120 2152 nouitas
1150 2086 1203 2151 uel
1236 2109 1344 2152 rerum

189 2203 354 2286 asperitas,
384 2225 418 2266 se
451 2203 520 2288 ipso
554 2203 657 2266 maior
686 2209 736 2266 est
766 2201 929 2265 Manilius.
975 2200 1153 2265 Herculem
1181 2200 1280 2266 refert
1309 2199 1344 2264 in

191 2317 371 2380 aerumnis:
401 2316 489 2381 dolet
516 2315 611 2381 uinci
658 2315 692 2378 in
721 2314 936 2379 arithmeticis
962 2314 1099 2379 subtiles
1124 2323 1223 2399 atque
1249 2314 1344 2379 intri-

189 2438 277 2494 catas
292 2430 431 2494 rationes
446 2451 542 2494 nemo
558 2428 662 2516 magis
677 2428 859 2492 luculenter
878 2426 1026 2491 uersibus
1045 2426 1186 2511 exponit.
1231 2426 1344 2491 abdita

188 2541 409 2626 philosophiae
424 2541 568 2628 grauiter
583 2549 681 2624 atque
696 2547 821 2626 argute,
834 2547 872 2603 ut
887 2560 990 2623 paene
1003 2537 1058 2602 uix
1074 2538 1165 2614 alter,
1177 2537 1344 2619 edisserit;

188 2655 336 2739 exemplo
358 2653 402 2717 sit
424 2652 479 2717 ille
509 2654 597 2716 locus
627 2673 691 2736 quo
721 2651 879 2715 bonorum
909 2650 1134 2736 malorumque
1164 2651 1342 2716 facinorum

188 2764 448 2830 aestimationem
479 2787 498 2827 a
526 2762 618 2827 fatali
647 2762 705 2826 illa
730 2761 922 2826 necessitate
951 2783 1017 2826 non
1042 2761 1115 2827 tolli
1141 2762 1344 2828 demonstrat

188 2879 240 2960 (lv
263 2881 325 2940 108
347 2878 437 2962 sqq).
483 2876 523 2939 ad
545 2896 706 2939 summam
727 2873 869 2959 denique
889 2873 917 2938 is
940 2884 990 2938 est
1012 2874 1148 2960 scriptor
1165 2874 1222 2960 qui
1242 2873 1344 2939 ardua

140 3021 141 3024 ¹
189 3000 223 3054 et
249 2991 396 3055 abstrusa
422 2990 551 3076 planius
582 2998 615 3053 et
638 2989 764 3053 facilius
789 3010 886 3073 quam
909 2988 1095 3052 communia
1118 2996 1151 3053 et
1174 2988 1209 3051 in
1236 2988 1343 3053 medio

188 3103 328 3167 iacentia
342 3109 535 3188 argumenta
550 3108 677 3166 tractet.

252 3221 354 3279 restat
369 3222 409 3278 ut
424 3221 457 3277 et
471 3213 558 3278 Preli
572 3212 762 3276 Academici
777 3211 979 3298 praesidibus
998 3211 1055 3297 qui
1073 3219 1224 3297 sumptus
1245 3211 1342 3277 huius

189 3325 334 3410 opusculi
357 3324 474 3389 edendi
499 3347 539 3389 ex
565 3334 657 3411 parte
684 3325 908 3391 tolerauerunt
935 3333 969 3389 et
995 3324 1140 3389 eiusdem
1167 3324 1272 3411 operis
1300 3325 1341 3390 ob

187 3437 378 3501 indefessam
395 3438 430 3500 in
445 3459 480 3501 re
495 3436 729 3528 typographica
746 3436 898 3501 nouanda
912 3436 1099 3501 comitatem
1115 3443 1214 3520 atque
1229 3434 1340 3501 indus·

187 3549 283 3613 triam
299 3548 420 3633 gratias
435 3546 562 3613 debitas
576 3569 718 3632 agamus.

184 3917 446 3982 Cisrhenanis
468 3929 667 3978 scarrsmvs

272 4051 300 4092 a.
324 4028 354 4092 d.
377 4028 418 4091 iii
439 4026 519 4091 Kal.
542 4025 613 4091 Dec.

371 4138 398 4178 A.
407 4137 428 4178 8.
438 4135 671 4177 MDcccumel.
