3074 5092
508 333 632 395 SILVA
664 333 919 393 MANILIANA.
1276 329 1293 387 9

134 522 261 608 trigono
276 520 392 585 Librae
408 528 586 605 superatur.
628 519 669 582 de
685 517 792 583 uerbis
807 525 846 582 ut
862 509 1040 593 uideamus,
1055 523 1143 579 recte
1158 512 1294 577 Iacobus

136 626 169 689 in
185 648 216 689 u.
233 628 296 689 534
311 623 433 688 homiui
455 644 512 708 pro
534 622 671 688 hominis
693 621 847 706 reposuit,
862 621 894 684 in
922 619 1054 704 reliquis
1069 619 1157 685 idem
1177 641 1197 681 a
1218 639 1295 680 uero

136 728 294 793 aberrans,
340 749 424 812 quae
440 735 551 791 tamen
567 726 738 790 emendare
753 746 818 787 non
834 723 932 786 multi
947 722 1065 786 laboris
1076 721 1160 785 erit:

245 849 314 934 ipse
338 871 414 912 suae
437 847 524 933 parti
548 847 732 913 Centaurus
755 846 881 930 tergore
904 844 1008 924 cedit3

246 969 348 1032 usque
372 949 452 1012 adeo
475 957 525 1012 est
547 947 672 1011 homini
696 947 811 1011 uictus
857 963 941 1028 quID
964 944 1061 1008 mirer
1080 942 1122 1006 ab
1144 941 1209 1006 illis

247 1052 410 1116 nascentis
433 1051 550 1116 Librae
573 1050 719 1135 superari
741 1071 834 1135 posse
857 1048 1044 1132 trigonum?

204 1174 287 1238 ‘Leo
303 1181 480 1258 antequam
495 1173 591 1237 astris
606 1172 773 1237 accederet
791 1171 832 1235 ab
849 1169 991 1234 Hercule
1008 1170 1114 1233 uictus
1130 1176 1187 1245 est,
1203 1168 1297 1232 Aries

139 1279 259 1342 uellere
285 1278 441 1364 spoliatus
467 1299 488 1341 a
513 1275 652 1356 Phrix03
683 1275 752 1360 ipse
779 1275 880 1339 etiarn
904 1271 1087 1339 Centaurus
1110 1272 1234 1336 homini
1257 1273 1298 1337 ob

137 1389 248 1465 tergus
275 1381 413 1445 ferinum
440 1379 527 1444 cedit
554 1387 587 1444 et
614 1386 703 1443 totus
729 1401 749 1441 a
772 1385 865 1462 parte
890 1377 940 1441 sui
964 1384 1144 1462 superatur.
1195 1397 1298 1461 usque

140 1485 221 1549 adeo
250 1485 381 1548 homine
411 1483 518 1546 minor
547 1491 605 1547 est.
664 1505 721 1546 our
750 1483 868 1546 mirum
896 1482 939 1545 sit
965 1482 1129 1568 trigonum
1160 1479 1202 1544 ab
1232 1478 1296 1542 illis

141 1589 220 1672 (scil.
243 1590 360 1664 Leone,
384 1587 505 1663 Ariete,
526 1584 705 1670 Centauro)
729 1587 891 1650 nascentis
914 1587 1041 1671 trigono
1064 1585 1182 1649 Librae
1206 1605 1297 1668 posse

142 1692 326 1778 superaril’
373 1693 455 1757 dura
474 1692 554 1756 haec
574 1701 660 1769 sunt,
678 1693 794 1777 inquis,
814 1701 847 1756 et
867 1692 1004 1779 argutiis
1024 1713 1183 1775 peruersa.
1229 1690 1299 1753 Ma-

141 1799 258 1862 nilium
277 1797 396 1883 culpas,
413 1797 500 1882 apud
517 1818 614 1881 quern
631 1795 781 1881 prauiora
797 1796 901 1860 multa
917 1795 1072 1858 inuenies,
1119 1803 1157 1856 ‘a
1173 1793 1300 1877 trigono

143 1902 247 1966 nasci’
263 1902 382 1966 dicitur
397 1902 530 1988 ‘trigoni
545 1901 672 1986 partus’
689 1902 742 1965 uel
757 1901 897 1985 ‘trigono
913 1910 1009 1965 natus
1020 1901 1044 1979 ';
1066 1901 1175 1964 confer
1190 1922 1237 1964 ex.
1253 1922 1299 1986 gr.

145 2009 216 2082 548,
238 2009 310 2081 560,
336 2009 407 2069 561.
452 2004 553 2069 Libra
577 2005 707 2069 mallem
730 2005 757 2068 si
783 2005 966 2090 legentibus
991 2005 1199 2069 consulerem.
1244 2004 1300 2068 sed

143 2109 260 2175 librae
280 2109 431 2194 superori
452 2109 586 2172 fortasse
609 2131 629 2171 a
651 2108 785 2172 Manilio
804 2108 896 2172 uenit
919 2117 957 2172 ut
980 2108 1101 2174 homiui
1121 2108 1241 2188 uict·us;
1263 2108 1299 2172 cf.

145 2232 157 2277 1
175 2212 237 2280 759
254 2222 437 2299 ‘terraeque
453 2212 603 2288 remissa‚'
619 2230 655 2276 [v
673 2216 736 2278 896
752 2213 915 2298 ‘cuiquam
931 2213 1075 2298 genitos?
1119 2235 1197 2278 suae
1207 2215 1300 2298 porti

145 2339 202 2401 pro
227 2316 297 2380 ‘sui
320 2317 425 2401 parti’
446 2315 480 2379 in
505 2339 569 2401 quo
593 2338 657 2380 uon
686 2316 803 2379 mirum
830 2324 880 2380 est
907 2315 1077 2380 offendisse
1103 2316 1302 2393 Bentleium,

145 2420 265 2504 legitur
280 2420 379 2484 etiam
395 2419 430 2483 in
446 2436 484 2483 1v
500 2423 562 2484 885
575 2442 657 2505 poro
671 2442 738 2484 suu.

212 2566 239 2612 11
256 2552 319 2614 594

306 2653 440 2718 uenales
461 2653 504 2717 ad
525 2654 594 2718 fata
616 2663 725 2738 patres
750 2664 957 2736 matrumque
981 2653 1139 2737 sepulcra.

212 2773 298 2838 color
309 2773 406 2837 huius
421 2795 535 2837 uersus
546 2773 642 2857 plane
655 2773 853 2837 Manilianas
865 2781 932 2837 est:
955 2773 1056 2837 uerba
1071 2796 1146 2838 curn
1162 2774 1222 2837 hoc
1238 2773 1302 2837 sibi

147 2879 391 2964 uelint‚‘patres
402 2901 482 2963 quos
493 2879 564 2942 nati
575 2879 625 2942 sui
642 2879 788 2943 mercede
804 2887 938 2963 accepta
952 2878 994 2942 ad
1011 2878 1150 2942 exitium
1166 2879 1302 2942 tradunt

149 2992 332 3068 matresque
355 3004 375 3046 a
397 2981 473 3046 filiis
494 2983 641 3059 necatas‚’
661 2983 740 3046 olim
763 3005 839 3047 eum
862 2992 936 3067 post
958 3006 989 3047 u.
1011 2986 1073 3048 596
1098 2983 1245 3048 extitisse
1267 2983 1303 3047 in

147 3096 299 3172 promptu
320 3095 370 3151 est
389 3089 554 3173 suspicari,
572 3089 693 3174 poterit
712 3099 823 3152 autem
843 3088 945 3152 etiarn
965 3088 1028 3151 alio
1048 3088 1184 3163 traduci,
1204 3095 1243 3151 ut
1263 3087 1304 3152 de

147 3192 216 3256 loco
230 3192 345 3255 melius
360 3192 404 3257 sit
423 3192 504 3256 nihil
522 3192 722 3258 adseuerare.
761 3202 953 3278 sequentem
970 3215 1102 3256 uersum
1117 3192 1190 3277 quis
1205 3193 1304 3276 scrip-

147 3299 226 3362 serit
242 3307 276 3362 et
291 3319 356 3382 quo
371 3298 439 3363 loco
453 3321 569 3385 parum
585 3300 697 3385 liquet.
742 3301 782 3364 de
794 3301 911 3364 lacuna
926 3300 1013 3384 (post
1029 3322 1059 3364 u.
1073 3300 1152 3382 593)
1169 3297 1306 3363 Iacobus

150 3402 318 3489 cogitauit.

215 3528 406 3610 11619sqq.

237 3638 272 3694 at
294 3652 394 3714 quum
418 3628 572 3715 Lanigeri
595 3639 708 3714 partus
728 3631 789 3695 sub
811 3640 950 3716 utroque
973 3631 1100 3716 trigono

238 3756 303 3797 non
325 3734 429 3819 parcit
451 3735 508 3799 sed
531 3758 602 3799 rara
624 3736 709 3819 gerit
731 3758 789 3820 pro
813 3746 959 3820 tempore
981 3736 1068 3800 bella
1244 3737 1307 3800 620

238 3837 323 3922 quod
346 3837 458 3901 feritas
480 3837 651 3922 utriusque
674 3839 778 3924 magis
800 3861 859 3923 pro
883 3848 1027 3924 tempore
1050 3838 1145 3925 cogit.

239 3943 312 4026 plus
336 3950 445 4006 tamen
468 3942 503 4005 in
525 3941 648 4027 duplici
671 3943 910 4007 numerandum
934 3952 984 4007 est
1007 3943 1129 4008 roboris
1152 3965 1229 4016 esse,

239 4047 291 4109 cui
313 4046 508 4110 commixtus
531 4047 627 4110 homo
650 4056 700 4112 est
721 4070 821 4132 quarn
844 4055 887 4123 te,
913 4049 1088 4124 Nemeaee,
1111 4048 1172 4112 sub
1194 4070 1267 4112 uno.

239 4149 356 4214 idcirco
379 4158 412 4215 et
434 4173 499 4235 pax
521 4160 571 4214 est
593 4151 693 4236 signis
716 4161 749 4216 et
774 4151 876 4216 mixta
898 4152 1051 4238 querella.

219 4303 259 4344 ex
285 4280 336 4344 his
362 4303 417 4344 uu.
443 4284 613 4346 619-621
641 4281 811 4345 damnauit
834 4281 1011 4344 Bentleius.
1052 4279 1175 4343 “Nihil
1198 4279 1306 4343 enim’'

153 4383 261 4469 inquit
275 4391 292 4415 “
304 4383 338 4447 in
362 4383 413 4448 his
436 4385 540 4448 tribus
564 4395 614 4450 est
638 4386 724 4471 quod
748 4408 811 4448 non
836 4394 935 4450 antea
954 4385 1078 4449 dictum
1099 4384 1150 4448 sit.
1191 4383 1309 4448 Partes
