3074 5092
186 387 225 447 64
558 388 681 449 SILVA
711 389 969 450 MANILIANA.

188 578 352 644 hendendi
376 580 441 645 sint
466 604 506 645 an
532 581 709 667 superbiae.
754 591 841 649 certe
865 607 949 670 quae
973 585 1008 650 in
1032 585 1159 650 Manilii
1179 585 1346 651 codicibus

187 683 295 748 huius·
315 686 514 770 corruptelae
545 686 695 772 exempla
724 687 953 754 adnotauimus
983 689 1064 755 talia
1094 680 1347 755 decernentibus
1420 684 1424 688 ’

187 788 268 852 nihil
289 789 410 854 fauent.
458 791 680 876 scriptumest
701 791 734 855 in
756 791 921 857 codicibus
937 809 964 856 11
982 791 1045 858 764
1060 794 1123 857 ‘Et
1134 793 1166 879 f
1169 793 1257 858 luat'
1273 796 1347 879 (pro

186 891 332 956 ‘effluat'
353 892 439 977 quod
460 893 636 977 Lipsiensis
659 892 700 958 ab
721 896 823 960 altera
843 918 942 960 manu
966 907 1119 982 praestat,
1140 897 1236 962 modo
1260 907 1347 962 recte

186 1018 219 1061 se
235 996 354 1061 habeat
369 997 447 1061 haec
464 997 581 1080 lectio).
618 1007 690 1061 tum
707 998 839 1063 Ellisius
857 1000 994 1065 adnotat
1014 1023 1054 1066 ex
1070 1001 1228 1066 Vossiano
1244 1002 1347 1065 altero

187 1100 480 1188 ‘Etfundnntque’
510 1118 534 1165 v
565 1105 635 1166 230.
692 1108 804 1167 contra
833 1125 911 1168 uero
942 1121 955 1168 1
987 1107 1050 1169 203
1081 1113 1135 1170 ‘et
1165 1105 1249 1182 tot0,’
1282 1107 1347 1170 864

185 1214 236 1270 ‘et
250 1205 381 1283 mediis}
398 1223 425 1270 11
443 1211 504 1270 182
521 1215 572 1270 ‘et
585 1206 740 1291 geminis’
758 1205 820 1272 279
838 1216 889 1272 ‘et
905 1209 1060 1293 paribus,'
1076 1213 1139 1275 446
1156 1210 1218 1274 ‘Et
1233 1208 1347 1286 Iouis,’

185 1309 233 1391 (in
255 1309 305 1373 his
326 1310 474 1374 omnibus
496 1309 572 1373 locis
594 1310 726 1374 Ellisius
748 1333 786 1376 ec
808 1312 960 1394 mauult),
981 1329 1023 1376 ΙΙΙ
1045 1316 1086 1378 63
1107 1313 1169 1376 ‘Et
1189 1310 1345 1377 uincunt'

185 1413 401 1492 (‘Euincunt’
427 1413 515 1477 Voss.
541 1415 591 1496 ΙΙ),
615 1411 677 1478 375
704 1423 755 1477 ‘et
780 1415 865 1488 toto‚’
888 1432 925 1478 lv
950 1415 1012 1480 607
1036 1417 1098 1480 ‘Et
1124 1416 1235 1480 natat?
1284 1415 1348 1479 etsi

184 1519 218 1581 in
243 1517 335 1581 tenui
357 1519 446 1582 labor
473 1518 524 1594 sit,
547 1528 582 1582 at
613 1526 650 1582 ut
680 1540 730 1582 res
760 1517 949 1584 absoluatnr
979 1543 1085 1606 neque
1111 1521 1247 1606 posthac
1273 1519 1348 1584 aliis

186 1624 321 1687 molesta
339 1623 391 1698 sit,
407 1644 509 1707 panca
528 1625 626 1688 etiam
646 1624 835 1689 subicienda
859 1634 947 1709 puto.
993 1626 1077 1710 quod
1102 1625 1143 1689 ad
1165 1626 1348 1711 composita

186 1725 317 1812 quidem
340 1726 470 1802 attinet,
492 1736 584 1811 patet
607 1727 806 1812 corruptelae
829 1728 961 1792 initium
985 1728 1019 1792 in
1043 1751 1080 1792 eo
1103 1727 1234 1792 stetisse
1260 1729 1346 1813 quod

185 1830 379 1914 praepositio
400 1852 419 1892 a
439 1830 538 1893 uerbo
560 1831 766 1894 aberrauerit.
807 1830 867 1895 hoc
887 1832 921 1894 in
937 1831 1010 1896 aliis
1030 1853 1159 1917 quoqne
1174 1831 1346 1916 particulis

185 1932 329 1998 accidere
360 1933 442 1996 solet
473 1932 624 1996 ‘canities
653 1934 788 1999 semotu'
812 1951 835 1997 v
863 1937 927 2000 690
957 1935 1043 2019 quod
1075 1934 1279 2000 Monacensis
1309 1935 1345 1999 in

184 2037 337 2102 ‘canities
359 2047 388 2103 et
410 2036 502 2113 uoto,’
530 2038 631 2102 ceteri
660 2038 694 2102 in
725 2040 877 2104 ‘canities
906 2041 962 2106 sed
990 2043 1083 2107 nota'
1114 2041 1347 2126 deprauarunt,

184 2142 218 2206 in
251 2145 311 2207 681
344 2141 499 2205 ‘umoris’
528 2141 562 2206 in
593 2150 649 2207 ‘ut
679 2144 792 2207 moris'
822 2144 1009 2209 distrahunt
1036 2145 1280 2209 Gemblacensis
1311 2153 1346 2209 et

184 2247 361 2331 Lipsiensis
388 2248 481 2328 (num
507 2247 547 2310 de
574 2248 712 2313 nemoris
740 2249 795 2313 uel
824 2248 865 2312 de
895 2250 1039 2315 nemoris
1069 2248 1228 2336 cogitabis
1240 2251 1279 2332 2);
1310 2251 1345 2312 in

184 2369 225 2415 111
241 2351 280 2419 71
298 2351 503 2436 ‘Disposuit'
518 2352 553 2416 in
569 2352 650 2416 ‘Res
672 2353 797 2438 posuit'
822 2352 899 2417 abit.
945 2353 1005 2418 hoc
1028 2353 1123 2418 modo
1149 2375 1215 2417 non
1238 2354 1344 2418 solum

185 2479 222 2521 ec
242 2466 275 2519 et
296 2478 337 2531 ec,
357 2477 472 2519 uerum
496 2455 604 2530 etiam,
628 2466 662 2520 et
684 2457 817 2521 fortasse
841 2456 979 2541 saepius
1004 2479 1020 2521 e
1049 2456 1082 2519 in
1110 2466 1138 2521 et
1161 2479 1181 2521 a
1203 2455 1344 2520 librariis

185 2559 408 2643 corrumpitur.
446 2583 598 2644 magnam
619 2561 716 2624 fidem
738 2560 942 2625 adhibebunt
967 2561 1016 2625 illi
1043 2561 1105 2624 loci
1127 2560 1186 2624 ubi
1209 2583 1225 2625 e
1252 2583 1343 2645 prae-

184 2666 309 2752 positio,
336 2687 410 2729 cum
437 2687 502 2728 non
529 2677 622 2741 esset,
646 2665 785 2730 librariis
811 2675 860 2729 est
888 2667 975 2745 uisa3
1003 2683 1015 2730 1
1043 2668 1106 2731 362
1133 2665 1195 2729 ‘Et
1222 2665 1343 2730 motus’

184 2794 242 2858 pro
281 2768 562 2853 ‘[H]enioc(h)us,’
600 2785 627 2832 11
666 2772 729 2832 552
771 2770 832 2833 ‘Et
876 2767 1005 2855 rigone’
1045 2767 1249 2832 Matritensis
1286 2791 1344 2853 pro

185 2876 360 2962 ‘Erigone'
390 2892 414 2938 v
445 2876 507 2942 735
539 2881 590 2939 ‘et
616 2875 764 2959 qnester’
790 2897 848 2960 pro
874 2874 1059 2959 ‘equester'
1090 2873 1186 2951 idem,
1213 2889 1251 2937 Iv
1279 2877 1343 2938 455

184 2983 304 3069 ‘quina
319 2981 369 3045 et’
384 3003 442 3066 pro
459 2979 614 3064 ‘quinae’
630 2980 725 3062 (conf.
738 2996 765 3042 11
782 2981 844 3044 295
862 2977 918 3043 ubi
934 2978 1111 3063 ‘quadrata
1126 2978 1191 3062 e(f)
1203 2976 1344 3064 fingere’

184 3087 219 3150 in
235 3084 452 3172 ‘quadrat(a)e
469 3083 601 3168 fingere'
614 3091 800 3168 corruptum
817 3083 890 3165 est).
927 3082 1102 3167 (achalis
1116 3080 1186 3145 abit
1202 3081 1237 3144 in
1253 3090 1346 3167 arque

185 3191 262 3265 illis,
278 3189 405 3274 longius
424 3188 649 3273 progrediente
668 3189 858 3273 corruptela,
879 3188 913 3251 in
935 3205 962 3250 ΙΙ
983 3191 1046 3252 233
1068 3185 1220 3270 (correxit
1241 3186 1343 3252 Scali-

185 3297 255 3380 ger)
272 3300 306 3356 et
329 3295 392 3356 826
409 3290 560 3371 (correxit
584 3292 779 3374 Bentleius);
802 3293 838 3355 cf.
857 3299 974 3376 ‘atque
997 3290 1072 3354 hos'
1096 3313 1153 3376 pro
1169 3297 1222 3354 ‘at
1246 3289 1344 3375 quos,'

186 3405 301 3482 ‘atque
322 3396 377 3459 ea'
394 3417 451 3479 pro
468 3401 519 3458 ‘at
537 3393 637 3478 quae’
652 3396 694 3476 (11
717 3397 789 3470 545,
810 3395 896 3475 395),
912 3416 932 3458 a
951 3392 1091 3457 librariis
1113 3393 1194 3457 haec
1213 3415 1343 3479 quoque

186 3503 335 3587 profecta.
396 3499 501 3563 obiter
531 3499 649 3562 adnoto
680 3508 708 3564 et
737 3498 842 3584 paulis
871 3498 906 3561 in
935 3498 1110 3583 (a)equclr's
1139 3497 1345 3584 demigrasse,

186 3615 234 3669 nt
254 3605 339 3690 apud
368 3612 514 3668 nostrum
541 3620 582 3666 ΙΙΙ
611 3606 672 3667 135
700 3610 734 3666 et
758 3601 964 3686 Propertium
990 3605 1017 3666 3.
1046 3605 1074 3666 6.
1101 3604 1143 3665 22
1167 3600 1230 3666 nisi
1257 3602 1344 3687 quod

188 3708 425 3793 Neapolitanus
455 3728 570 3770 uerum
600 3715 717 3782 seruat,
748 3704 793 3769 sic
823 3706 910 3791 apud
938 3705 1096 3770 Ouidium
1122 3705 1157 3769 in
1185 3705 1292 3770 Fastis
1325 3711 1342 3770 5

187 3812 249 3877 471
267 3835 321 3896 sq„
337 3811 394 3897 qui
413 3811 500 3875 locus
521 3809 565 3873 sic
583 3809 805 3874 rescribendns
821 3819 880 3885 est,
898 3809 1020 3873 ‘noluit
1037 3809 1097 3874 hoc
1113 3809 1221 3885 frater,
1237 3809 1344 3895 pietas

187 3928 216 3983 et
231 3916 336 4002 qualis
350 3915 384 3978 in
400 3914 455 3977 illo
477 3922 534 3991 est,
554 3911 558 3998 Ι
579 3913 665 3998 quod
685 3913 803 3999 potuit,
818 3913 967 3978 lacrimas
987 3912 1138 3977 manibus
1157 3912 1213 3977 ille
1234 3912 1344 3979 dedit!

187 4018 240 4084 hic
260 4019 359 4083 codex
381 4016 498 4100 aliquis
514 4038 552 4078 ex
569 4014 781 4079 deterioribus
801 4037 818 4079 o
837 4014 965 4099 qualia!
986 4013 1144 4078 Heinsius
1165 4036 1203 4078 eu
1217 4013 1345 4098 qualis!

186 4123 284 4187 dedit.
330 4128 483 4184 nentrum
508 4127 617 4182 tamen
634 4119 702 4182 loco
718 4118 797 4182 satis
813 4117 974 4182 conuenit.
1019 4139 1125 4203 neque
1141 4116 1229 4181 enim
1245 4115 1345 4182 debet

187 4228 309 4291 Remus
332 4225 487 4308 pietatem
512 4223 619 4286 fratris
640 4221 749 4286 nimiis
772 4220 923 4285 laudibus
946 4221 1100 4285 extollere
1123 4219 1248 4304 quint
1273 4218 1343 4304 ipse

185 4331 314 4417 periret,
338 4349 435 4391 causa
457 4325 563 4401 fuerit,
587 4325 736 4409 quamuis
758 4325 891 4389 inuitus.
937 4324 1101 4389 sententia
1125 4331 1192 4387 est:
1218 4323 1344 4388 ‘noluit

187 4457 239 4500 me
259 4432 399 4499 interfici
415 4432 521 4507 frater,
537 4438 570 4493 et
586 4429 671 4518 quod
688 4429 762 4493 talis
783 4431 817 4492 in
835 4430 890 4493 illo
906 4439 955 4492 est
970 4429 1086 4517 pietas,
1101 4427 1241 4491 lacrimis
1257 4426 1344 4514 quod
