3074 5092
558 347 680 408 mara
712 303 969 408 mmmmm.
1000 346 1002 350 ·

251 529 337 594 idem
361 531 462 596 etiam
487 512 547 597 171
566 555 610 617 sq.
634 530 823 598 damnauit:

359 678 489 764 ictaque
511 678 684 742 contractis
706 678 888 742 consistunt
909 702 1041 765 corpora
1066 680 1170 766 plagis
1207 666 1213 680 ⁵

358 792 392 847 et
414 783 631 847 concurrendo
654 783 828 869 prohibent
851 784 885 847 in
907 783 1034 868 longius
1056 785 1110 849 ire.

250 949 349 1012 quam
374 927 511 992 infirmis
534 938 711 1013 utrumque
732 928 951 1014 argumentis!
997 928 1037 992 de
1053 928 1157 1013 priore
1173 928 1260 992 enim
1276 929 1344 993 loco

185 1029 230 1092 sic
260 1029 414 1114 disputat.
460 1030 534 1093 “Hi
565 1038 720 1115 quattuor
741 1053 852 1094 versus
882 1030 985 1115 spurii
1015 1039 1101 1108 sunt,
1132 1039 1166 1094 et
1195 1053 1215 1094 a
1244 1052 1343 1094 manu

185 1131 323 1196 indocta.
383 1132 517 1218 Epicuri
555 1134 615 1198 hoc
652 1133 772 1220 dogma
808 1134 904 1219 longe
937 1135 1208 1199 luculentioribus
1237 1134 1344 1198 verbis

186 1246 354 1302 enarratur
376 1239 469 1315 infra,
488 1246 588 1324 atque
610 1238 732 1303 ibidem
757 1240 918 1303 refutatur
940 1249 975 1304 et
998 1240 1161 1324 spernitur
1183 1249 1222 1304 ut
1244 1257 1257 1303 Ι
1280 1242 1344 1305 493

189 1342 399 1422 ...Quomodo
421 1343 523 1429 igitur
546 1342 598 1407 hic
621 1352 659 1408 ut
681 1343 848 1429 probabile
871 1344 1004 1428 ponitur
1023 1344 1109 1427 quod
1129 1344 1207 1408 illuc
1225 1343 1345 1428 impro-

186 1446 306 1511 batur?
351 1447 436 1511 Vide
456 1448 589 1533 insuper
609 1448 764 1512 sermonis
785 1448 1018 1513 barbarismos:
1041 1449 1077 1513 io
1097 1448 1183 1514 idem
1201 1447 1346 1512 reditura

186 1572 243 1635 pro
263 1552 299 1615 ia
319 1552 446 1631 eodem3
467 1552 626 1638 principia
646 1553 775 1616 scilicet.
821 1552 992 1638 Serapium
1015 1562 1059 1618 est
1081 1553 1278 1638 nihilumque
1284 1552 1345 1639 fa-

187 1664 295 1720 turam
316 1679 372 1740 pro
395 1665 500 1722 sumta
522 1667 555 1721 et
567 1658 708 1743 futara;
731 1679 849 1742 nempe
864 1666 991 1722 notura.
1038 1657 1122 1721 Vide
1143 1665 1176 1721 et
1196 1656 1343 1741 ignoran-

186 1759 267 1823 tiam
298 1760 458 1826 hominis:
495 1761 589 1845 quasi
619 1761 751 1847 Epicuri
782 1761 953 1825 individua
987 1784 1089 1846 paene
1124 1761 1263 1825 nihilum
1294 1761 1345 1824 vel

186 1862 294 1948 ipsum
320 1864 460 1928 nihilum
487 1874 612 1929 essent:
642 1887 726 1950 quae
753 1865 793 1928 ad
820 1865 966 1928 infinitos
997 1865 1134 1928 mundos
1163 1863 1346 1928 condendos

188 1968 333 2033 sufficere
354 1969 563 2053 potuissent.''
617 1971 734 2055 inquo
754 1970 896 2054 primum
918 1967 1001 2032 illud
1022 1967 1153 2053 quidem
1174 1968 1347 2054 praecipue

187 2073 435 2137 admirationem
474 2083 584 2138 mouet
621 2097 662 2138 ex
700 2075 933 2157 Epicureorum
964 2072 1125 2158 dogmatis
1158 2096 1178 2137 a
1211 2073 1346 2137 Manilio

188 2178 379 2263 improbatis
402 2188 632 2266 argumentum
657 2180 863 2264 potissimum
886 2179 964 2264 peti.
1013 2178 1074 2241 hoc
1095 2178 1182 2242 enim
1203 2179 1271 2242 loco
1292 2178 1347 2241 ille

188 2283 278 2346 nullo
300 2285 396 2348 modo
418 2307 492 2348 cum
517 2284 685 2369 Epicureis
706 2284 880 2369 depugnat,
898 2283 953 2346 sed
977 2283 1123 2346 omnium
1144 2282 1347 2368 philosopho-

187 2409 260 2450 rum
276 2387 316 2452 de
332 2388 455 2473 origine
472 2388 586 2452 mnndi
601 2388 729 2472 placita,
745 2409 801 2450 seu
822 2409 901 2451 uera
921 2409 978 2451 seu
996 2387 1076 2450 falsa
1091 2386 1165 2463 sint,
1181 2397 1347 2466 recenset3

188 2491 305 2575 inquo
325 2491 495 2576 praeteriri
518 2514 582 2555 non
604 2491 714 2577 potuit
736 2490 937 2555 nobilissima
959 2490 1016 2554 illa
1039 2490 1217 2574 disciplina.
1262 2490 1347 2554 nihi-

188 2595 328 2659 lominus
359 2595 422 2659 sihi
451 2596 513 2681 ipsi
543 2595 620 2681 quid
653 2595 820 2659 uideretur
850 2616 890 2657 ne
920 2594 973 2658 hic
1002 2594 1135 2679 quidem
1165 2593 1199 2657 in
1226 2594 1348 2657 incerto

188 2696 327 2782 reliquit.
373 2698 456 2763 illud
471 2699 557 2762 enim
574 2698 680 2782 ipsum
698 2697 785 2781 quod
801 2697 972 2761 Bentleius
988 2698 1191 2781 ignorantiae
1208 2719 1276 2761 esse
1292 2697 1348 2775 ait,

182 2822 287 2884 paene
316 2801 454 2865 sibiliam
484 2801 564 2877 dico,
590 2800 757 2885 diligentis
788 2800 957 2864 cuiusdam
987 2801 1213 2886 neglegentiae
1244 2801 1347 2865 multo

191 2905 292 2989 magis
307 2914 366 2982 est,
382 2905 522 2969 hominis
545 2905 586 2969 de
609 2927 643 2969 re
666 2905 725 2968 uili
748 2927 822 2969 cum
838 2914 1029 2990 contemptu
1050 2905 1245 2981 disserentis
1261 2906 1347 2990 qnod

189 3006 276 3071 idem
291 3007 324 3070 in
341 3030 433 3074 coeca
448 3031 577 3094 quoque
592 3010 725 3074 materie
745 3009 868 3095 coelum
884 3008 1069 3093 perficiente
1086 3007 1347 3093 deprehenditur.

188 3110 306 3174 deinde
328 3111 363 3175 io
385 3111 471 3176 idem
492 3134 557 3175 non
581 3112 631 3173 ‘in
655 3111 786 3175 eadem'
809 3111 899 3175 ualet
921 3111 978 3175 sed
997 3111 1146 3175 ‘eodem'
1168 3109 1213 3181 εἰς
1236 3108 1347 3176 ταύτό.

189 3236 265 3278 nam
287 3216 391 3280 soluto
412 3214 498 3300 quod
521 3215 646 3279 codices
669 3215 826 3279 exhibent
849 3238 888 3279 ex
911 3216 1030 3281 solotls
1050 3216 1266 3300 deprauatum
1290 3224 1347 3280 est.

189 3341 226 3382 ao
255 3327 417 3403 coemptum
446 3318 480 3381 in
511 3317 738 3382 Gemhlacensi
769 3319 901 3403 quidem
933 3326 1042 3395 extat3
1084 3318 1141 3382 alii
1170 3340 1248 3382 uero
1274 3319 1348 3382 libri

188 3442 347 3485 summam
377 3419 509 3497 habent,
539 3419 596 3483 sed
628 3441 669 3484 ne
701 3419 761 3485 hoc
798 3421 931 3504 quidem
961 3419 1041 3484 satis
1072 3428 1168 3497 recte,
1198 3421 1349 3504 quamuis

188 3523 306 3586 Iacobo
333 3523 500 3608 placuerit.
545 3546 672 3588 sommo
698 3546 772 3587 cum
800 3522 930 3590 Cusano
961 3524 1166 3588 scribendum
1194 3531 1250 3587 est.
1287 3523 1348 3610 fa-

189 3633 306 3701 turum,
333 3646 530 3710 quamquam
556 3647 595 3688 ex
613 3626 737 3711 fotura
766 3625 919 3689 facillime
947 3625 1090 3711 potuerit
1117 3626 1201 3702 oriri,
1228 3633 1349 3700 tamen,

189 3750 264 3792 cum
289 3737 407 3813 reputo
433 3750 531 3813 quam
561 3750 657 3813 saepe
688 3730 722 3791 in
753 3751 786 3792 re
816 3729 875 3792 tali
905 3729 992 3812 apud
1022 3737 1149 3793 ueteres
1179 3728 1349 3812 scriptores

189 3832 359 3897 adiectiua'
381 3853 457 3895 cum
487 3833 642 3916 proximis
671 3854 848 3916 congruere
875 3833 1008 3907 soleant,
1031 3832 1100 3896 loco
1130 3853 1261 3896 mouere
1292 3833 1348 3895 uix

190 3933 301 4000 audeo.
347 3935 387 3998 de
399 3935 504 3999 altero
520 3958 597 4000 uero
614 3937 682 4000 loco
702 3935 873 4000 Bentleius
892 3935 972 3999 haec
993 3935 1079 4000 dicit.
1125 3936 1234 4000 “Vide
1253 3937 1349 4000 modo

189 4041 261 4117 ista,
273 4047 307 4104 et
322 4040 418 4104 litera
433 4038 547 4104 eadem
563 4048 614 4104 ter
625 4040 746 4105 iterata
757 4048 790 4104 et
802 4038 999 4123 syllabarum
1012 4040 1160 4124 paritate,
1176 4040 1350 4121 deformia3

190 4145 359 4212 corta-actis
388 4146 559 4210 omassum
588 4167 730 4230 corporo,
757 4167 831 4209 cum
861 4143 941 4208 alias
967 4144 1213 4208 rotundissimos
1239 4167 1349 4208 versus

94 4302 96 4307 ,
191 4249 313 4313 Noster
343 4248 501 4333 effingat.'’
556 4249 615 4313 hoc
646 4249 774 4314 aurium
807 4248 965 4312 iudicium
990 4258 1049 4325 est,
1073 4271 1137 4334 quo
1167 4247 1256 4311 haud
1286 4247 1351 4313 scio

192 4374 234 4415 an
258 4351 340 4414 nihil
364 4351 512 4416 intutius.
566 4351 661 4416 nobis
681 4361 769 4416 certe
793 4350 828 4414 hi
851 4373 965 4414 uersus
987 4350 1035 4414 ita
1057 4349 1264 4415 deformitate
1286 4372 1351 4414 non

1190 4480 1267 4538 1-2
