3074 5092
219 392 257 451 26
590 390 659 451 sla
668 389 715 452 VA
745 388 1004 449 MANILIANA.

284 591 326 638 111
344 573 361 639 7
379 597 423 660 sq.

349 723 414 764 non
437 701 635 766 coniuratos1
658 724 749 786 reges
772 702 932 788 Troiaque
955 703 1090 769 cadente

350 805 494 870 Hectora
515 806 676 884 uenalem,
699 806 798 871 cineri
822 806 1054 894 Priamumque
1077 809 1242 873 ferentem.

286 945 365 1009 haec
380 953 414 1009 et
426 955 632 1032 praepostero
645 947 756 1011 ordine
768 955 942 1011 narrantur
954 959 988 1011 et
999 947 1108 1012 uerbis
1119 948 1379 1013 intricatissimis.

220 1048 301 1134 quid
327 1049 413 1134 quod
440 1050 598 1115 bonorum
625 1050 773 1115 codicum
800 1073 873 1136 pars
900 1052 1003 1115 maior
1028 1052 1229 1117 ‘cadentem’
1256 1052 1379 1116 habet?

220 1153 308 1239 quod
327 1154 479 1239 quamuis
498 1153 607 1239 ipsum
623 1162 812 1238 corruptum
829 1153 881 1231 sit,
897 1154 1055 1219 ‘cadente’
1072 1155 1106 1218 in
1121 1155 1258 1219 dubium
1274 1164 1379 1220 uocat.

220 1258 301 1321 fines
316 1279 471 1321 uersuum
488 1258 597 1321 sedem
612 1256 701 1322 inter
715 1279 749 1321 se
765 1265 981 1332 mutauerunt
993 1258 1080 1323 haud
1093 1282 1164 1324 raro
1176 1259 1379 1325 librariorum

222 1385 345 1442 errore3
369 1363 406 1426 cf.
423 1363 580 1427 adnotata
596 1362 637 1426 ad
653 1379 694 1426 111
711 1361 782 1428 374.
822 1362 939 1428 scribe:

353 1522 418 1564 non
440 1500 623 1564 coniuratos
645 1522 736 1585 reges
759 1499 991 1585 Priamumque
1014 1501 1170 1565 ferentem

353 1605 497 1669 Hectora
518 1605 670 1670 uenalem
693 1605 795 1670 cineri
816 1605 1004 1690 Troianue
1026 1606 1197 1670 cadenteu.

287 1761 329 1809 111
345 1748 386 1811 87
403 1767 468 1831 sqq.

353 1865 411 1928 has
434 1873 546 1929 autem
570 1863 667 1928 facies
691 1887 799 1928 rerum
821 1886 880 1949 per
901 1863 996 1950 signa
1018 1862 1147 1940 locatas,

354 1969 388 2032 in
411 1969 530 2054 quibus
552 1968 657 2032 omnis
680 1969 743 2032 erit
764 1968 914 2032 fortunae
937 1968 1068 2032 condita
1091 1990 1227 2045 summa,

355 2082 392 2137 ut
415 2073 457 2138 sit
480 2095 552 2138 cum
576 2073 689 2138 stellae
711 2081 837 2158 septem
860 2072 1038 2137 laeduntue
1060 2072 1228 2149 iuuantue,

353 2178 580 2243 cardinibusue
602 2185 715 2242 mouet
738 2177 851 2242 diuina
873 2177 1022 2263 potentia
1044 2176 1165 2241 mundi.

288 2316 379 2380 uaria
405 2316 590 2380 criticorum
620 2315 654 2379 in
682 2338 711 2380 u.
743 2318 784 2381 89
816 2314 1033 2400 temptamina
1062 2335 1136 2378 cum
1166 2313 1220 2377 diu
1254 2336 1381 2379 mecum

223 2419 399 2496 considero,
430 2419 513 2483 illud
536 2419 570 2482 in
602 2420 752 2483 omnibus
783 2417 929 2482 desidero
956 2426 993 2482 ut
1023 2416 1169 2482 codicum
1201 2418 1381 2503 scripturae

223 2524 363 2609 uestigia
386 2524 518 2610 propius
541 2533 727 2609 sequantur.
773 2522 808 2586 hi
832 2546 906 2587 cum
931 2524 1011 2587 haec
1041 2523 1161 2608 legant,
1183 2532 1219 2588 ut
1243 2524 1286 2589 sit
1312 2546 1383 2589 oum

223 2630 263 2706 G,
285 2638 319 2694 ut
343 2652 414 2695 oum
439 2627 571 2705 LOV,
595 2637 761 2714 utcumque
785 2628 826 2704 V,
850 2628 1061 2706 Matritensis,
1088 2629 1233 2713 proxime
1259 2651 1279 2692 a
1305 2651 1383 2692 uero

225 2735 468 2800 Gemblacensis
490 2734 586 2799 lectio
609 2734 722 2798 abesse
744 2734 886 2811 uidetur,
914 2733 991 2798 inde
1018 2735 1053 2797 in
1079 2735 1195 2798 ceteris
1219 2734 1381 2818 gradatim

223 2839 384 2915 descendi,
408 2863 483 2904 cum
506 2839 563 2903 illa
585 2839 728 2925 primum
751 2839 785 2903 in
807 2849 845 2905 ut
866 2862 946 2917 cum,
970 2863 1046 2904 mox
1070 2840 1129 2903 hoc
1157 2839 1191 2902 in
1215 2847 1382 2924 atcumque

224 2944 440 3029 deprauatum
467 2942 517 3007 sit.
562 2942 674 3028 itaque
702 2966 719 3006 e
743 2943 986 3008 Gemblacensis
1008 2943 1169 3028 scriptura
1191 2953 1226 3009 at
1247 2943 1290 3008 sit
1311 2967 1383 3009 oum

224 3047 334 3132 potius
357 3045 498 3110 eruerim
520 3062 624 3111 SIOVT
644 3045 874 3131 dissimilatum
892 3045 1042 3110 feminini
1060 3045 1189 3130 generis
1211 3048 1277 3130 est)
1296 3048 1382 3132 quod

224 3151 351 3217 litteras
366 3159 474 3215 mutet
487 3172 666 3237 perpaucas
682 3159 715 3215 et
731 3149 914 3215 sententiae
929 3149 1027 3235 plane
1043 3150 1228 3214 satisfaciat.

291 3304 332 3351 111
357 3289 419 3350 142
442 3308 499 3370 pro
521 3285 634 3350 ‘alias’
656 3286 745 3369 (aliis
766 3286 822 3373 Vl)
846 3286 928 3350 ‘alia
949 3285 1015 3350 est’
1039 3285 1192 3373 Scaliger,
1214 3295 1301 3351 recte
1320 3287 1384 3350 nisi

225 3391 312 3477 quod
327 3391 440 3455 aliosr'
451 3389 666 3454 scribendum.

291 3546 334 3593 111
351 3531 414 3593 154

356 3649 417 3712 hac
439 3648 474 3712 in
495 3656 588 3734 parte
611 3649 679 3714 dics
701 3657 794 3734 atque
816 3649 891 3716 bueo
914 3657 1081 3744 momenta
1103 3650 1275 3714 dabuntur.

293 3810 377 3875 quae
406 3789 442 3852 in
472 3787 533 3852 hoc
563 3810 660 3853 uersu
690 3788 811 3853 menda
840 3797 942 3864 erant,
965 3788 1075 3853 omnia
1105 3788 1235 3853 sublata
1264 3798 1385 3853 sunta

228 3894 376 3959 Bentleio
402 3902 531 3978 praeter
554 3892 635 3957 illud
665 3915 767 3957 unum
797 3900 899 3977 atquc,
926 3915 984 3977 pro
1009 3914 1073 3976 quo
1099 3892 1196 3955 nimis
1221 3915 1240 3955 a
1266 3893 1385 3957 litteris

228 3999 380 4064 recedens
395 3999 488 4083 inqua
503 3997 649 4062 coniecit.
693 4021 734 4061 ne
750 4005 860 4060 actum
877 4019 980 4081 agam,
997 3996 1080 4059 nihil
1093 3996 1230 4060 monebo
1242 3995 1305 4060 nisi
1316 3998 1386 4073 hoc,

228 4103 295 4169 dics
317 4103 403 4188 quod
426 4124 522 4166 sensu
541 4102 637 4186 plane
657 4109 745 4166 caret
766 4101 807 4164 ab
828 4099 1041 4164 oscitantibus
1059 4099 1199 4163 librariis
1215 4098 1385 4163 inductum

260 4279 271 4312 ¹
287 4280 387 4330 codices
403 4282 438 4329 ad
452 4287 553 4329 curatos
566 4294 597 4329 ex
611 4293 662 4341 quo
676 4280 780 4329 adiura-
831 4277 880 4327 tali
901 4277 981 4327 huius
1003 4277 1077 4328 uerbi
1099 4276 1295 4340 significatione,
1317 4277 1387 4340 qnod

228 4368 266 4410 toa
281 4360 372 4410 elicere
385 4361 442 4411 uult
457 4358 779 4421 Rossbergins,uixrccte,
832 4359 937 4420 quidem
962 4359 997 4409 ad
1019 4359 1122 4408 Manilii
1145 4362 1258 4409 aetatem
1279 4358 1384 4422 attinet,

228 4446 258 4492 ut
278 4443 384 4506 opinor;
409 4458 471 4492 nam
494 4442 525 4491 de
546 4440 685 4505 participio
704 4444 730 4490 et
750 4440 782 4490 de
831 4441 1035 4504 haudquaquam
1048 4442 1113 4492 satis
1123 4445 1235 4492 constat.
