3074 5092
72 373 73 376 ‘
184 379 224 438 aa
561 376 685 440 srrrs
714 363 973 441 narramur.

254 565 337 630 nihil
364 566 480 631 minus.
525 566 574 631 ita
599 566 688 630 enim
714 589 779 630 non
801 566 986 630 conduntur
1009 588 1083 630 cum
1106 565 1185 631 luna
1207 573 1254 643 ut,
1276 587 1355 630 curn

188 669 267 734 luna
277 670 445 747 condatur,
456 679 529 734 tum
541 669 674 733 demum
690 677 876 754 appareant.
917 668 976 733 hoc
992 668 1108 754 corrigi
1124 669 1254 755 poterit,
1266 668 1294 733 si
1306 668 1358 733 ita

189 773 396 839 distinxeris:
421 782 529 839 ‘certa
544 773 654 839 nitent
669 773 792 838 mundo
807 797 881 838 curn
897 774 984 852 luna,
1003 774 1153 839 conditur
1173 796 1268 839 omne
1288 771 1292 859 Ι
1315 781 1356 838 st.

189 877 229 941 u.’
263 879 318 943 sed
331 877 410 962 quia
421 900 493 944 cum
505 878 583 942 lanu
597 899 662 962 quo
678 878 747 942 loco
762 877 795 940 in
812 878 975 962 superiore
987 900 1083 943 uersu
1096 878 1226 963 legitur,
1238 877 1356 942 eodem

191 983 259 1047 loco
279 983 314 1047 in
333 983 393 1047 hoc
414 984 571 1048 iteratum
592 982 809 1067 suspicionem
830 982 939 1059 habet,
961 982 1094 1047 fortasse
1113 983 1357 1047 emendandum

192 1105 267 1152 rum
288 1088 410 1167 lunum
436 1086 497 1151 hoc
517 1094 577 1165 est,
593 1087 672 1151 luna
693 1087 803 1152 condit
823 1088 934 1152 stellas
951 1088 1004 1152 uel
1019 1088 1097 1152 facit
1113 1097 1151 1152 ut
1166 1088 1357 1153 condantur.

190 1193 232 1257 de
247 1192 362 1257 datiuo
378 1192 455 1256 uide
471 1215 555 1277 quae
570 1192 612 1256 ad
629 1209 656 1256 ΙΙ
673 1195 735 1258 535
752 1192 817 1257 iam
834 1192 985 1258 diximus.

257 1365 271 1410 1
295 1346 423 1412 637-9

740 1491 795 1534 seu
820 1470 848 1534 si
870 1470 944 1554 quis
967 1471 1050 1535 Eoos

324 1594 381 1636 seu
404 1571 489 1655 petit
513 1570 699 1655 Hesperios,
723 1593 821 1656 supra
843 1594 877 1636 se
900 1572 1035 1637 circinat
1057 1573 1167 1638 orbem

325 1675 504 1740 uerticibus
526 1697 623 1759 super
644 1674 829 1740 adstantem
853 1686 883 1742 et
904 1700 931 1762 q.
954 1699 977 1744 s.

260 1821 294 1883 in
325 1818 388 1885 637
420 1841 476 1885 seu
504 1819 573 1902 (uel
605 1822 673 1902 oea)
703 1821 733 1884 si
767 1821 839 1906 quia
875 1821 1009 1898 codices,
1044 1829 1137 1885 ‘nam
1174 1843 1230 1886 seu
1265 1822 1359 1905 quis’

197 1923 386 2003 Bentleius3
409 1922 465 1987 sed
480 1923 606 1987 facilius
628 1932 662 1988 et
683 1925 831 2010 argutius
848 1943 903 1990 sio
916 1943 985 1989 an
997 1926 1075 2011 quis.
1121 1926 1361 2008 σιγματισμὸν,

196 2029 281 2094 sicut
296 2027 398 2104 uides,
414 2028 467 2091 hic
482 2035 626 2092 sectatur
642 2028 804 2092 Manilius.

263 2187 276 2234 Ι
300 2168 363 2235 778
387 2192 454 2255 sqq.

328 2290 570 2377 Tarquinioque
594 2290 703 2355 minus
726 2313 816 2376 reges
839 2301 873 2357 et
895 2292 1034 2357 Horatia
1056 2294 1169 2380 proles,

330 2405 399 2462 tota
421 2396 505 2461 acies
528 2403 649 2481 partus.
687 2418 833 2460 necnon
856 2405 890 2462 et
913 2396 1071 2462 Scaeuola
1093 2407 1207 2462 trunco

329 2500 475 2579 nobilior,
498 2501 664 2585 maiorque
688 2498 768 2563 uiris
792 2508 826 2564 et
850 2500 974 2569 Cloelia
996 2501 1096 2588 uirgo.

265 2656 331 2713 toto
346 2647 429 2712 acies
443 2656 566 2732 partus,
612 2648 638 2710 si
653 2646 763 2731 plures
778 2646 874 2710 simul
891 2647 961 2710 nati
973 2646 1185 2731 intellegendi
1196 2656 1282 2724 sunt,
1295 2671 1362 2713 non

200 2751 315 2817 debuit
336 2750 447 2816 abesse
468 2751 586 2817 ‘unus'
640 2752 720 2838 quid
741 2751 828 2837 quod
848 2752 917 2837 ipse
942 2752 1096 2816 Manilius
1116 2753 1179 2817 alio
1195 2752 1286 2816 ducit
1302 2755 1362 2838 qui

200 2874 238 2922 IV
254 2861 295 2922 34
312 2877 356 2941 sq.
374 2856 452 2920 haec
464 2855 563 2921 habet
574 2863 715 2942 ‘tresque
726 2856 787 2921 sub
799 2857 897 2920 unius
909 2857 1023 2920 fratres
1038 2856 1164 2921 uirtute
1179 2856 1342 2922 iacerent:
1356 2858 1361 2944 Ι

200 2963 291 3027 nulla
313 2963 397 3028 acies
420 2962 502 3026 uicit
524 2962 697 3026 tantum'l
742 2962 948 3027 scribendum
976 2962 1077 3047 igitur
1102 2980 1175 3027 PER
1208 2981 1292 3028 rurs,
1331 2988 1363 3051 p

201 3068 430 3152 compendium
456 3076 490 3132 et
510 3089 591 3152 pur·
618 3077 653 3131 et
677 3088 754 3152 per-
780 3066 963 3153 significare
989 3076 1104 3130 notum
1136 3076 1203 3146 est;
1240 3075 1274 3132 et
1300 3069 1365 3134 tris

202 3170 416 3247 accusatiuus‚
431 3169 518 3254 apud
533 3169 708 3233 Manilium
724 3169 899 3245 sollemnis,
914 3191 955 3232 ne
971 3167 1012 3232 de
1026 3168 1097 3253 ipsa
1112 3169 1364 3255 praepositionis

201 3277 413 3362 usurpatione
434 3275 541 3339 dicam
560 3274 601 3339 de
617 3297 682 3359 qua
696 3275 915 3359 copiosissime
930 3276 998 3360 egit
1014 3274 1152 3339 Iacobus
1167 3274 1253 3358 (Ind.
1267 3297 1291 3340 s.
1306 3278 1364 3358 a).

266 3382 431 3465 maiorque
448 3378 531 3442 'uiris
550 3386 581 3442 et
601 3377 724 3443 Cloelia
743 3379 844 3462 airpo.
866 3376 926 3440 hoc
947 3387 976 3443 et
991 3377 1193 3443 Monacensis
1207 3387 1366 3464 praestat,

202 3496 240 3552 ut
270 3486 350 3552 alibi
379 3506 515 3570 quoque,
546 3483 746 3568 interpolans
774 3484 829 3548 uel
859 3482 976 3547 saltem
1006 3506 1047 3548 ex
1073 3507 1169 3548 uersu
1197 3484 1364 3569 superiore

203 3588 365 3662 hauriens,
387 3585 506 3652 cocoliu
528 3606 605 3648 uero
627 3584 665 3661 G,
691 3585 726 3661 L,
749 3583 785 3662 Ο,
810 3585 990 3670 profectum
1014 3608 1054 3650 ex
1076 3586 1202 3663 coculis,
1224 3585 1285 3650 hoc
1310 3595 1365 3651 est

204 3708 270 3767 Qvo
292 3689 431 3769 Cloeliu3
453 3708 559 3772 neque
581 3688 667 3751 enim
689 3688 808 3751 ‘maior
828 3687 924 3751 uiris'
946 3698 1017 3752 erat
1039 3687 1170 3765 Cloelia,
1186 3688 1242 3774 qui
1261 3695 1366 3773 pote?

203 3817 287 3880 quae
302 3814 376 3858 cum
392 3791 539 3856 ‘Mucius
554 3791 745 3856 uulneribus
760 3790 865 3856 uictor
880 3791 994 3856 urbem
1010 3792 1188 3876 repetisset,
1204 3791 1366 3858 Horatius

203 3898 291 3963 solus
311 3897 467 3983 oppositis
484 3897 583 3962 armis
598 3906 731 3983 pontem
748 3896 926 3982 urbemque
943 3896 1041 3961 simul
1056 3892 1239 3970 clausisset‚’
1255 3904 1294 3960 ut
1313 3897 1365 3962 ait

206 4001 369 4078 Manilius,
383 4002 454 4087 ipsa
468 4009 601 4066 tantum
617 3999 746 4065 foedera
763 4000 961 4064 transnando
982 3999 1104 4062 flumen
1124 3997 1284 4082 rupisset3
1305 4001 1365 4065 sed

205 4105 284 4170 uiris
314 4114 384 4169 erat
414 4105 516 4168 maior
545 4127 583 4169 eo
612 4102 699 4189 quod
729 4103 822 4189 uirgo
852 4110 929 4166 erat.
978 4124 1055 4165 nam
1088 4101 1225 4166 feminas
1257 4102 1365 4168 multo

205 4209 414 4275 imbecilliore
430 4231 499 4273 esse
514 4209 644 4294 ingenio
660 4229 758 4292 quam
774 4207 861 4270 uiros
882 4206 1038 4270 Manilius
1058 4206 1120 4271 sibi
1141 4218 1365 4293 persuaserat;

205 4314 292 4400 quod
317 4314 370 4378 uel
393 4336 432 4377 ex
459 4329 482 4376 v
511 4316 573 4376 180
599 4333 643 4396 sq.
668 4319 760 4396 patet
786 4311 1056 4398 ‘uincentemque
1088 4315 1174 4378 uiros
1203 4323 1238 4378 et
1264 4337 1365 4400 quem

206 4417 350 4503 potuisse
368 4416 479 4481 uidere
499 4414 504 4502 Ι
524 4415 652 4502 uirgine
668 4414 772 4480 maius
788 4425 858 4481 erat
874 4427 1074 4481 sternentem
1091 4418 1225 4481 uulnere
1241 4418 1365 4501 primo.'
