3074 5092
193 403 232 462 40
466 373 469 377 ’
565 397 687 460 srorr
718 396 978 460 narrantur.

256 585 327 650 fieri
349 592 457 671 potest
476 592 515 649 ut
536 585 677 649 tundant
697 585 841 671 aliquem
862 607 1011 671 aequora,
1033 594 1070 649 ut
1091 585 1265 651 ‘caedant’
1286 608 1353 650 non

191 696 309 772 potest.
362 688 529 762 leuissima
559 688 699 752 mutatio
724 689 891 754 Accedunt.
944 689 990 753 sic
1017 689 1153 754 Plautus
1180 689 1264 755 Meo.
1287 687 1350 754 237

191 798 344 879 ‘orasque
362 791 493 858 Italicas
509 815 620 857 omnes
635 815 701 879 qua
715 793 905 878 adgreditur
920 793 1028 871 mare‚'
1046 793 1111 858 Cic.
1129 793 1171 859 N.
1187 795 1227 858 D.
1244 810 1271 858 ΙΙ
1288 797 1352 858 100

190 901 463 959 ‘mare—terram
478 894 636 979 adpetens
651 893 801 958 litoribus
817 894 963 959 adludit!

257 1057 295 1103 1v
318 1042 381 1105 642
405 1063 471 1126 sqq.

320 1199 380 1241 nec
403 1185 536 1242 tantum
559 1199 599 1241 ex
622 1199 688 1242 una
710 1184 831 1262 pontus
853 1176 916 1242 sibi
939 1186 1032 1262 parte
1054 1176 1187 1241 reclusit

320 1280 469 1346 faucibus
492 1280 637 1367 abreptis
660 1281 772 1345 orbem
795 1281 886 1363 (nam
909 1281 1006 1344 litora
1028 1281 1123 1366 plura

321 1384 454 1471 impulit
477 1385 612 1467 oceano)
634 1385 744 1470 potius
766 1384 824 1448 sed
848 1383 1014 1448 montibus
1036 1383 1112 1447 altis

321 1499 370 1554 est
393 1491 526 1567 uetitus,
550 1497 655 1555 totam
678 1512 720 1554 ne
742 1489 889 1554 uinceret
911 1511 1051 1574 aequore
1073 1496 1202 1553 terram.

254 1627 312 1692 hos
335 1649 448 1692 uersus
471 1627 516 1691 sio
538 1627 718 1691 rectissime
743 1625 896 1691 distinxit
920 1626 1102 1702 Bentleius,
1121 1625 1209 1690 idem
1238 1634 1349 1691 tamen

190 1732 299 1817 minus
321 1733 405 1797 bene
430 1719 666 1816 interpretatus
689 1737 746 1795 est.
793 1731 851 1816 qui
874 1731 933 1794 hoc
957 1730 1020 1795 sibi
1044 1731 1178 1794 uolunt:
1210 1737 1351 1816 ‘pontus

189 1858 254 1899 non
285 1836 366 1900 illud
397 1859 474 1922 prae
504 1836 620 1900 ceteris
651 1836 719 1919 egit
750 1836 825 1918 (hoc
856 1835 944 1899 eninr
970 1835 1080 1921 potius
1103 1835 1281 1922 significat)
1313 1843 1353 1899 ut

189 1962 288 2004 unam
309 1948 439 2003 tautum
456 1949 583 2025 partem
600 1939 686 2003 orbis
702 1939 764 2005 sibi
779 1939 961 2005 recluderet
976 1939 1086 2025 (plura
1101 1940 1188 2004 enim
1204 1940 1239 2003 in
1254 1939 1352 2007 litora

188 2065 347 2108 oceanum
377 2043 507 2127 intulit)
537 2043 593 2108 sed
620 2045 782 2108 montium
810 2043 985 2108 altitudine
1012 2044 1196 2130 prohibitus
1227 2051 1277 2107 est
1309 2064 1351 2106 ne

189 2155 297 2213 totum
313 2147 475 2214 hauriret?

257 2301 294 2347 rv
319 2287 390 2350 669.

364 2435 401 2478 ac
423 2413 527 2478 sterili
549 2414 639 2498 peior
661 2413 761 2478 siccas
783 2413 917 2479 infestat
941 2414 1078 2478 harenas

254 2549 386 2635 infestat
412 2551 547 2615 damnat
574 2550 745 2615 Bentleius
771 2574 876 2636 neque
904 2551 1075 2615 immerito.
1129 2550 1211 2615 illud
1238 2560 1348 2615 tamen

188 2652 364 2718 ‘incestat'
385 2654 471 2739 quod
492 2654 605 2739 reponi
626 2653 719 2719 iubet
738 2655 795 2719 uix
815 2655 894 2719 satis
915 2665 1028 2741 aptum
1049 2654 1189 2719 uidetur.
1234 2655 1352 2718 melius

190 2756 284 2820 credo
299 2766 461 2823 FVNestot

255 2919 293 2965 lv
317 2906 379 2968 686
399 2926 467 2990 sqq.

364 3034 507 3099 maxima
528 3043 614 3098 terra
636 3036 716 3099 uiris
739 3044 773 3100 et
795 3035 1024 3100 fecundissima
1046 3035 1149 3105 doctis

365 3139 518 3218 urbibus;
549 3139 584 3202 in
606 3162 742 3225 regnum
765 3139 917 3205 florentes
939 3140 1001 3204 oris
1025 3140 1185 3217 Athenae,

365 3243 484 3328 Sparta
506 3265 615 3318 manu,
639 3242 770 3307 Thebae
794 3241 879 3307 diuis
902 3252 936 3307 et
960 3265 1035 3330 rege
1059 3245 1113 3308 uel
1137 3265 1201 3307 uno

363 3348 512 3432 princeps
533 3346 590 3411 illa
612 3346 735 3422 domus,
758 3345 890 3409 Troiani
911 3345 1017 3430 gratia
1039 3346 1117 3411 belli
1270 3413 1273 3416 .

362 3451 527 3515 Thessalia
549 3451 728 3536 Epirosque
751 3459 867 3534 potens
890 3450 1061 3536 uicinaque
1084 3451 1163 3535 ripis
1283 3455 1348 3518 690

362 3554 470 3638 Illyris
493 3567 526 3619 et
550 3554 673 3618 Thrace
696 3555 837 3619 Martem
861 3555 976 3620 sortita
998 3555 1147 3619 colonum

362 3665 396 3722 et
418 3659 602 3743 stupefacta
623 3680 698 3723 suos
720 3658 807 3723 inter
829 3659 1006 3723 Germania
1028 3668 1149 3745 partus,

361 3764 468 3828 Gallia
490 3786 548 3850 per
570 3786 692 3842 census,
716 3764 878 3849 Hispania
900 3765 1042 3829 maxima
1064 3764 1160 3843 belli3

361 3867 460 3934 Italia
482 3868 516 3932 in
538 3890 665 3932 summa
688 3891 786 3954 qnam
809 3891 918 3933 rerum
941 3869 1084 3933 maxima
1106 3869 1211 3934 Roma

361 3971 518 4058 imposuit
540 3973 635 4036 terris
657 3972 810 4057 caeloque
833 3972 1024 4059 adiungitur
1045 3973 1123 4057 ipsa.
1274 3976 1345 4040 *695

251 4118 286 4182 in
301 4143 331 4183 u.
348 4121 410 4185 689
434 4118 530 4184 Pella
553 4116 724 4182 Schraderi
747 4119 920 4184 inuentum
945 4120 1028 4185 bene
1051 4120 1173 4206 recepit
1197 4120 1344 4197 lacobus,

186 4223 294 4288 uerbis
324 4233 436 4288 tamen
466 4220 711 4306 typothetarum
735 4223 832 4308 culpa
857 4222 942 4287 male
968 4223 1139 4288 distinctis.
1184 4223 1220 4288 in
1249 4223 1345 4288 claris

184 4327 339 4413 gentibus
364 4325 569 4391 recensendis
599 4348 663 4389 non
688 4328 797 4411 potuit
824 4327 978 4391 Manilius
1004 4327 1218 4392 Macedonum
1245 4327 1346 4392 Alex-

185 4432 342 4516 andrique
360 4430 473 4495 laudes
491 4429 632 4494 reticere.
679 4453 752 4494 mox
773 4432 939 4496 Thessalia
958 4455 1041 4518 quae
1058 4432 1219 4496 Achillem
1240 4432 1346 4496 edidit
