3074 5092
254 338 285 398 vi
529 341 588 400 AD
616 339 846 403 taurorum
872 341 1123 402 PRAEFATIO.

254 528 330 587 noto
346 523 412 587 iam
432 532 563 587 auctore
584 530 618 587 et
638 545 699 587 usu
721 522 813 587 nobis
834 522 986 587 familiari
1006 523 1111 608 pietas
1129 545 1203 586 mea
1223 521 1251 587 si
1271 521 1409 586 taciturn

253 636 384 699 omnino
399 636 615 721 praeterirem.
662 658 767 721 nuper
782 635 939 716 iudicium
954 635 995 700 de
1011 644 1107 720 poeta
1123 635 1201 700 tulit
1217 634 1409 698 Markailius

254 748 288 811 in
309 747 418 812 libello
439 747 544 813 nitido
561 748 601 812 de
622 748 750 814 Latinis
771 748 889 812 litteris
906 747 1043 811 Londini
1060 746 1147 810 edito
1164 748 1229 832 (pp.
1248 750 1310 811 158
1327 746 1410 830 sqq.)

254 859 412 945 iustisque
439 883 514 924 eum
544 859 696 925 laudibus
726 869 913 946 prosecutus
943 868 1000 924 est.
1046 859 1146 923 durus
1175 880 1252 923 sane
1283 867 1316 922 et
1346 880 1411 921 non

254 994 432 1058 numquam
455 995 558 1058 paene
581 973 727 1037 horridus
750 983 784 1038 et
806 973 902 1036 rebus
925 982 958 1036 et
978 971 1087 1036 uerbis
1109 972 1263 1036 Manilius
1275 995 1282 1050 ;
1309 979 1410 1034 mate-

254 1083 335 1148 riam
362 1085 509 1170 sequitur
533 1107 638 1170 neque
668 1086 709 1150 ad
741 1086 967 1170 exponendum
995 1085 1073 1150 satis
1099 1085 1226 1149 facilem
1257 1092 1291 1149 et
1316 1083 1413 1147 huius

254 1195 388 1280 quidem
410 1197 531 1261 saeculi
552 1196 737 1261 hominibus
756 1197 855 1262 uilem
875 1206 974 1284 atque
996 1197 1175 1277 abiectam3
1197 1219 1301 1261 sermo
1317 1196 1412 1260 modo

255 1309 421 1393 abruptus,
444 1309 540 1374 modo
563 1309 734 1388 diffluens;
762 1311 889 1374 numeri
912 1332 1041 1395 quoque
1063 1310 1228 1374 interdum
1256 1307 1413 1392 incompti

256 1421 310 1486 uel
333 1421 489 1486 dissoluti.
534 1431 583 1487 est
606 1431 717 1487 tamen
739 1422 774 1487 in
798 1444 836 1486 eo
863 1423 974 1508 ingeni
998 1444 1083 1486 uena
1104 1422 1237 1486 minime
1262 1421 1412 1507 uolgaris.

256 1536 377 1619 priores
397 1544 456 1600 aut
475 1535 632 1622 relinquit
650 1545 709 1600 aut
729 1537 763 1600 in
781 1536 940 1601 imitando
962 1558 1026 1601 non
1048 1545 1116 1601 tam
1140 1535 1293 1620 exprimit
1312 1556 1410 1619 quam

256 1645 448 1723 aemulatur,
472 1645 559 1731 quod
580 1647 615 1709 in
641 1646 814 1711 iudicando
837 1645 918 1731 quid
941 1645 1021 1722 aliis,
1044 1645 1185 1730 exempli
1208 1643 1315 1730 gratia
1338 1643 1413 1707 Pro-

257 1755 371 1841 pertio,
387 1755 545 1832 debuerit,
561 1755 773 1820 utilissimum
790 1756 852 1820 erit
867 1756 1008 1841 cognitu.

306 1862 409 1932 'certe
430 1889 495 1931 non
516 1867 543 1931 is
564 1876 613 1932 est
634 1867 770 1952 scriptor
790 1867 847 1951 qui
869 1876 978 1931 mente
999 1875 1098 1952 atque
1119 1867 1229 1929 animo
1251 1865 1294 1930 ad
1312 1888 1414 1930 uuum

256 1988 424 2064 tamquam
448 1979 546 2043 finem
570 1979 697 2043 intento
720 1987 754 2043 et
776 1979 940 2044 colliniato
967 1979 1122 2043 adhibeat
1148 2001 1231 2064 quae
1254 1978 1295 2042 ad
1320 1979 1424 2047 illum.

257 2091 438 2156 feriendum
469 2092 655 2176 pertineant
692 2092 809 2170 omnia,
840 2100 947 2156 cetera
977 2092 1127 2176 repudiet
1157 2100 1256 2175 atque
1287 2091 1415 2157 abiciat.

257 2202 361 2267 multo
382 2203 485 2288 magis
506 2203 593 2267 illius
614 2203 789 2288 imaginem
810 2202 944 2268 reddere
965 2203 1098 2267 uidetur
1119 2203 1176 2288 qui
1195 2202 1230 2266 ui
1248 2203 1358 2288 aliqua
1381 2225 1414 2267 se

257 2315 326 2400 ipse
349 2316 442 2380 uelut
464 2316 499 2379 in
521 2324 629 2380 artum
653 2326 747 2401 cogat
776 2324 875 2401 atque
898 2314 1079 2400 conglobet,
1102 2338 1177 2379 mox
1208 2315 1415 2379 concitatiore

258 2451 321 2514 quo
340 2428 403 2492 fors
424 2428 505 2492 feret
526 2429 651 2513 impetu
674 2437 834 2514 erumpat.
880 2429 956 2492 talis
976 2436 1025 2492 est
1045 2427 1157 2512 ingeni
1177 2428 1282 2492 multa
1305 2427 1414 2492 turba-

258 2540 333 2616 tius,
362 2540 467 2604 multa
496 2539 617 2617 duriuS,
643 2539 699 2604 sed
726 2540 926 2625 populariter
951 2561 1054 2624 paene
1080 2539 1164 2602 nibil
1191 2547 1224 2603 et
1252 2539 1416 2623 complura

258 2651 358 2716 etiam
374 2651 536 2737 praeclare
551 2651 665 2717 dicere.

324 2785 423 2848 quam
446 2763 605 2848 exquisite
629 2762 713 2827 dixit
734 2762 775 2828 de
796 2763 902 2828 lactea
922 2762 977 2827 uia
1000 2763 1169 2827 hominum
1194 2763 1300 2827 oculos
1323 2763 1357 2826 in
1380 2786 1415 2828 se

259 2879 448 2940 auertente!

389 3003 435 3069 sic
457 3027 553 3090 super
574 3004 733 3071 incumbit
756 3005 881 3091 signato
904 3005 1045 3071 culmine
1069 3006 1161 3071 limes

390 3117 546 3184 candidus
569 3127 603 3184 et
625 3120 778 3206 resupino
791 3119 881 3206 fucit
903 3121 1091 3186 mortalibus
1113 3143 1171 3185 ora

390 3231 467 3296 dum
491 3254 577 3297 noua
599 3254 656 3318 per
677 3255 804 3297 caecam
829 3232 1002 3297 uibrantur
1024 3231 1150 3296 lumina
1171 3241 1300 3297 noctem

1171 3345 1200 3427 (1
1216 3344 1279 3408 714
1289 3345 1372 3429 sqq.)

260 3481 411 3547 Lucretio
434 3481 661 3567 dignissimum
684 3489 733 3545 est
756 3502 854 3565 quem
874 3481 994 3545 totiens
1014 3488 1169 3565 prouocat
1185 3480 1225 3543 ad
1243 3489 1418 3557 certarnen,

259 3615 324 3658 non
340 3616 528 3678 numquam,
544 3593 737 3670 mehercule,
753 3592 841 3658 haud
855 3594 971 3678 impar.

325 3728 385 3794 hoc
408 3749 506 3814 quam
529 3735 656 3792 scatens
677 3726 846 3811 splendore
870 3727 1020 3792 caelesti!

390 3840 489 3907 altius
511 3839 657 3906 aetherei
679 3863 777 3926 quam
800 3841 918 3904 candet
941 3840 1078 3905 circulus
1101 3840 1187 3906 orbis
1231 3843 1355 3925 (1802)

261 3979 419 4046 Durantis
434 3979 488 4044 uel
504 3979 636 4044 Miltoni
651 3987 791 4063 putares.

326 4125 485 4204 quantum
516 4117 615 4181 audet
644 4116 678 4180 in
708 4115 958 4181 tralationibus!
1002 4115 1155 4201 quotiens
1188 4116 1306 4180 Latino
1342 4138 1418 4180 eum

260 4230 398 4296 sermoni
428 4229 520 4314 quasi
551 4229 619 4292 uim
649 4228 773 4292 adferre
798 4228 956 4304 uidemus,
979 4227 1107 4313 saepius
1137 4227 1313 4292 uictorem!
1354 4250 1419 4291 non

261 4341 358 4409 laudo
