3074 5092
485 343 609 404 SILVA
639 340 897 402 MANILIANA.
1233 333 1270 393 19

115 549 191 590 nam
208 549 281 590 cum
302 527 385 592 istae
407 527 543 592 uoculae
561 527 665 592 altera
684 527 718 590 in
733 527 872 592 alteram
893 525 972 591 alibi
993 545 1123 610 quoque
1139 521 1273 596 abeunt,

117 639 188 694 tum
205 631 257 696 hic
272 632 354 697 illud
369 640 528 696 utansam
540 631 667 696 dedisse
677 631 820 696 nouandi
836 631 924 695 haud
940 626 1079 694 absurde
1094 623 1274 710 suspiceris.

115 735 251 819 spirituc
274 736 367 819 (890)
392 757 450 821 pro
473 735 627 822 spiritum
651 734 727 800 olim
756 734 968 799 emendatum
990 739 1049 796 est.
1094 738 1180 795 etex
1203 744 1275 804 uer,

117 838 201 903 sicut
217 837 295 903 alibi
311 840 498 918 sexcenties,
514 863 535 904 a
549 838 689 903 librariis
703 838 921 923 deprauatum
934 843 992 900 eet.
1037 843 1136 900 toturn
1149 829 1276 917 rapido,

117 941 144 1005 ei
160 942 334 1007 contuleris
352 943 438 1028 quod
457 950 491 1006 et
511 941 690 1007 Vossianus
713 950 748 1007 et
765 940 967 1007 Matritensis
982 946 1016 1004 et
1031 936 1181 1004 Cusanus
1196 938 1277 1019 (toto

117 1046 275 1132 rupudvrs
296 1048 434 1112 mutatis
454 1048 541 1112 inter
559 1069 593 1111 se
615 1046 787 1111 uerborum
813 1045 948 1124 finibus)
971 1053 1005 1107 et
1032 1036 1277 1106 Gemblacensis

117 1151 200 1229 (toto
214 1151 343 1237 rapide,
358 1152 465 1237 priore
482 1152 581 1217 uerbo
601 1151 636 1215 in
654 1150 841 1237 posterioris
859 1146 1109 1214 similitudinem
1133 1143 1277 1222 mutato)

118 1262 289 1333 testantur,
301 1255 336 1318 in
352 1256 527 1341 archetypo
542 1255 642 1320 fuisse
657 1262 911 1319 consentaneum
926 1259 983 1316 est.
1022 1272 1062 1314 ex
1077 1249 1129 1312 hie
1144 1255 1243 1312 totum
1258 1267 1278 1309 a

118 1358 282 1423 codicibus
296 1359 414 1445 accipe,
429 1359 556 1444 rapido,
570 1359 656 1444 quod
672 1358 754 1422 nibil
770 1367 829 1434 est,
843 1355 879 1420 in
894 1353 1019 1439 rupida
1033 1359 1167 1416 mutato.
1202 1370 1277 1414 mox

119 1485 177 1547 pro
192 1464 267 1548 q(=
276 1464 372 1548 quae)
388 1462 553 1527 leuissima
568 1461 750 1526 mutatione
760 1483 787 1546 p
802 1459 888 1545 quod
904 1466 954 1522 est
966 1474 1039 1521 PER
1053 1454 1200 1520 rescribe.
1237 1476 1277 1518 ex

118 1565 296 1651 puberuaut
308 1565 481 1651 puberum-t
498 1565 648 1650 pubernet
662 1564 858 1629 eliciendum
872 1562 1073 1648 pubetenus,
1117 1567 1278 1644 postremo

120 1667 155 1732 in
179 1690 208 1733 u.
232 1671 304 1747 892,
326 1690 398 1732 cum
420 1672 527 1753 neq'ue
546 1667 760 1754 grammatica
780 1666 863 1730 ratio
886 1687 946 1730 neo
969 1663 1152 1728 sententiae
1175 1683 1279 1726 nexus

121 1794 180 1836 nec
211 1770 245 1835 id
274 1772 361 1857 quod
392 1772 501 1836 uersui
532 1775 593 1838 891
625 1772 820 1857 respondeat
847 1792 982 1855 usquam
1007 1774 1173 1854 appareat,
1199 1766 1279 1830 haec

122 1876 232 1940 omnia
247 1876 292 1940 sic
307 1876 412 1941 suffici
427 1885 600 1961 poterunt;
625 1899 683 1961 pro
704 1874 984 1961 ‘sanguineasque
1005 1873 1132 1937 animur
1151 1871 1278 1935 animo'

121 1981 281 2044 scribatur
304 1981 591 2067 ‘sanguineamque
613 1981 751 2045 animaru
773 1997 854 2045 Essa
877 1979 1036 2043 animvm’
1085 1977 1178 2041 ‘esse'
1205 1998 1280 2040 cum

123 2084 302 2148 ‘animam'
323 2084 358 2148 in
380 2107 481 2149 unum
503 2086 677 2151 conflatum
700 2085 833 2149 initium
854 2083 932 2149 fecit
954 2082 1163 2168 corruptelae.
1208 2089 1281 2145 tum

122 2189 420 2274 ‘sanguineamque
451 2189 594 2255 animae’
617 2212 682 2253 non
706 2189 816 2275 potuit
838 2188 917 2274 quin
939 2187 975 2252 in
1004 2186 1282 2270 ‘sanguineasque

124 2293 267 2357 animas'
288 2293 411 2358 abiret:
434 2302 583 2359 secutum
603 2293 749 2358 ‘animo'
773 2294 857 2379 quod
878 2301 912 2358 et
932 2292 1038 2377 ipsum
1059 2313 1118 2375 pro
1133 2289 1281 2355 ‘animu'

125 2397 221 2461 facile
236 2397 347 2461 inferri
362 2406 498 2482 poterat.

192 2502 299 2566 locum
314 2502 360 2566 sic
375 2501 592 2568 dimittimus:

256 2661 297 2702 an
321 2638 460 2703 dubium
482 2647 532 2705 eet
554 2639 703 2704 habitare
726 2639 824 2703 deum
846 2638 907 2702 sub
931 2646 1060 2723 pectore
1082 2646 1193 2702 nostro

256 2742 291 2805 in
314 2741 505 2826 caelumque
527 2741 631 2806 redire
654 2742 781 2806 animas
802 2741 955 2826 caeloque
978 2740 1100 2817 uenire,

127 2900 223 2951 mutati
253 2899 334 2950 incidi
365 2900 393 2949 in
425 2901 593 2964 mentionem,
627 2917 682 2952 non
733 2901 1285 2968 surgereuititurfflaehrensmalequiuerit)

127 2983 303 3046 praeterierim
333 2997 388 3032 rem
415 2982 541 3032 memoria
567 2983 682 3046 quadam
732 2985 873 3052 aer,lhinc
884 2987 913 3033 nt
923 2988 1074 3047 praetextus
1083 2984 1285 3050 (siclegendnm)

129 3066 243 3128 dignam,
263 3067 397 3116 Romanos
418 3066 518 3129 aliquot
539 3071 631 3130 poetas
654 3067 682 3116 in
732 3067 1287 3132 passimfluotigneneaetherlpendentique

129 3149 345 3213 philosophorum
356 3149 560 3213 quaestionibus,
569 3166 683 3214 praeser-
733 3150 972 3214 superclanduntur
980 3153 1010 3198 ut
1019 3149 1108 3199 omnia
1116 3150 1205 3209 caelo‚’
1214 3149 1284 3202 Pers.

129 3231 178 3280 tim
189 3231 365 3294 physicorum,
377 3232 529 3282 enarrandis
540 3232 683 3284 indicatiuo
734 3235 758 3282 3.
777 3233 874 3286 66-72
890 3233 996 3283 ‘discite
1011 3231 1038 3282 io
1051 3232 1140 3281 miseri
1155 3236 1181 3282 et
1195 3247 1288 3282 cauam

129 3329 176 3377 pro
200 3314 366 3364 subiunctiuo
392 3315 424 3365 de
447 3314 576 3366 industria
601 3317 683 3368 abuti.
733 3315 880 3378 cognoscite
891 3330 978 3365 rerum
993 3314 997 3381 Ι
1012 3314 1074 3378 quid
1082 3330 1165 3364 eumue
1177 3317 1204 3363 et
1214 3314 1288 3378 quid-

129 3397 227 3445 multos
249 3395 345 3446 abhinc
367 3411 453 3445 annos
475 3396 593 3460 Properti
612 3399 636 3449 3.
659 3400 683 3448 5.
734 3412 798 3447 nam
821 3397 917 3447 nictari
933 3395 1178 3460 gigniurmt...qnid
1197 3397 1287 3461 asper!

130 3479 227 3528 25-44
248 3493 308 3528 cnm
329 3479 430 3528 Aetnae
454 3480 512 3529 loco
536 3479 684 3544 (als-247,
736 3480 799 3531 utile
810 3496 934 3531 nummus
945 3480 1043 3532 habet?
1061 3480 1160 3544 patriae
1171 3481 1289 3543 canaque

129 3561 162 3613 cf.
187 3561 268 3611 etiam
296 3561 436 3628 aro-282)
462 3561 496 3612 ad
520 3561 570 3612 hoc
597 3562 685 3624 ipsum
734 3562 888 3626 propinquis
902 3563 906 3628 Ι
921 3567 1049 3626 qnantum
1065 3563 1169 3626 elargiri
1183 3563 1290 3614 deceat?

130 3644 290 3694 contulimus
319 3645 411 3710 (δάιοι
438 3647 540 3709 Elepier
567 3647 597 3709 of
623 3647 685 3696 Pro·
736 3644 993 3708 quemtedeuaesse
1006 3645 1011 3711 Ι
1025 3645 1121 3696 iussit!
1146 3649 1291 3696 ceterorum

127 3729 236 3790 pertiae,
248 3728 431 3786 Introduction,
443 3742 469 3790 p.
482 3726 550 3777 cxlvi
560 3727 609 3793 n.).
641 3727 687 3777 sed
737 3725 848 3789 uestigia
886 3726 981 3789 premit
1015 3727 1096 3778 etiam
1130 3728 1291 3778 Claudianus

131 3811 201 3861 idem
216 3810 297 3861 etiam
314 3809 361 3860 alii
378 3809 459 3860 secuti
475 3814 537 3860 ennt
555 3810 650 3860 Tibull.
662 3812 687 3858 2.
737 3811 881 3859 cermeria
892 3809 1291 3876 29(deMagnete)1sqq.‘Quie-

131 3893 260 3953 4.17sq.‚
275 3894 336 3940 ‘neo
351 3891 434 3941 refero
452 3892 571 3955 Solisque
588 3891 687 3942 uiaret
739 3890 918 3953 qniseollioita
925 3890 1054 3941 mundum
1062 3892 1164 3942 ratione
1173 3896 1290 3948 secutus!

132 3973 218 4036 qualis
246 3973 291 4022 ubi
319 3973 407 4023 orbem
421 3974 425 4039 Ι
440 3975 581 4037 compleuit
606 3975 689 4025 uersis
739 3975 841 4024 semina
859 3975 971 4025 rimatur
989 3991 1084 4036 rernm,
1104 3992 1156 4039 quo
1174 3977 1238 4026 luna
1255 3977 1292 4026 la-

132 4059 209 4108 Luna
228 4060 338 4107 recurrit
358 4058 450 4120 equis,'
467 4058 563 4120 Panep.
582 4060 685 4108 Mereclo
739 4056 814 4107 borct
828 4057 832 4122 Ι
847 4056 956 4118 defectu,
973 4072 1040 4120 quae
1056 4073 1136 4107 cauea
1151 4057 1221 4108 iubet
1237 4058 1293 4121 pal·

135 4138 464 4203 18sqq.‘alterdieatopue
473 4139 563 4202 magni
571 4140 689 4190 mirabile
739 4138 834 4189 leseere
857 4139 965 4204 solem}
984 4138 1082 4191 ...unde
1104 4139 1187 4190 fluant
1211 4139 1294 4200 nenti,

134 4222 235 4281 mnndi,
250 4222 254 4287 1
270 4222 355 4284 qualis
372 4222 400 4271 in
417 4222 545 4272 immenso
568 4224 691 4272 ‹taedet-it
740 4219 856 4283 trepidae
864 4221 922 4282 quia
933 4220 1033 4271 uiscera
1043 4224 1127 4270 terrae
1141 4222 1145 4287 Ι
1160 4221 1294 4271 concutiat

135 4304 288 4367 coterellus,
300 4304 303 4370 Ι
314 4304 399 4367 qualis
407 4308 433 4354 et
441 4304 587 4354 incuruum
593 4307 691 4367 pontus
740 4301 843 4351 motus'
853 4309 878 4352 et
889 4317 913 4365 q.
927 4316 947 4351 r.

136 4388 284 4451 confluxerit
293 4387 381 4435 orbem
395 4386 399 4451 Ι
412 4390 437 4436 et
445 4386 690 4449 uagueeterriaqua

1136 4491 1215 4550 2-2
