3074 5092
183 394 222 452 54
558 391 680 454 SILVA
712 390 970 454 MANILIANA.

248 591 272 636 V
296 577 357 639 501
383 597 426 658 sq.

292 705 324 760 et
347 695 511 780 quianon
533 702 654 760 tractat
676 694 818 759 uolucris
839 694 897 760 sed
919 695 1064 782 suggerit
1087 716 1177 758 arma

292 797 517 884 immissosque
539 798 640 862 refert
662 797 762 882 ignes.

248 928 348 992 immo
370 909 565 1014 umissosque
586 926 695 1012 refert,
720 948 760 990 ne
782 947 874 991 suam
897 948 992 991 auem
1016 926 1167 1013 Iuppiter
1188 933 1288 1011 petat.

249 1077 274 1124 v
297 1058 359 1124 527
384 1080 451 1144 sqq.

292 1171 348 1236 ille
371 1171 469 1235 etiam
493 1169 600 1234 fuluas
622 1168 739 1234 auidus
762 1169 948 1234 numerabit
971 1171 1107 1235 harenas

294 1276 531 1363 perfundetque
554 1297 639 1340 nouo
662 1276 821 1340 stillantia
843 1276 938 1340 litora
960 1284 1060 1361 ponto

294 1403 460 1467 paruaque
482 1381 637 1444 ramentis
659 1380 757 1446 faciet
781 1390 947 1446 momenta
969 1381 1114 1445 minutis.

294 1485 431 1572 protulit
453 1493 491 1549 ut
513 1484 636 1569 legeret
658 1506 772 1549 census
795 1485 978 1570 spumantis
1000 1485 1034 1549 in
1058 1507 1174 1549 aurum
1282 1483 1346 1547 530

295 1602 330 1655 et
351 1589 554 1675 perlucentes
577 1599 710 1674 cuperet
732 1612 883 1675 prensare
906 1590 1033 1675 lapillos

296 1693 474 1758 uerticibus
496 1691 612 1756 mediis
633 1692 742 1757 oculos
764 1692 924 1757 immittet
947 1715 1068 1757 auaros.

254 1844 366 1887 uersus
392 1825 465 1898 530,
487 1843 584 1906 quem
613 1843 678 1885 una
704 1843 777 1885 cum
804 1844 835 1886 u.
863 1825 923 1887 531
953 1821 1122 1886 Bentleius
1151 1842 1209 1905 pro
1239 1819 1348 1904 spurio

188 1927 366 2003 damnauit,
384 1926 556 1990 Manilium
572 1933 660 1990 totus
676 1926 769 2010 sapit.
814 1935 946 1991 ‘census
961 1926 1144 2011 spumantis
1163 1925 1198 1989 in
1213 1919 1348 1988 aurum'

188 2029 252 2094 uisi
269 2028 423 2093 Manilius
438 2028 506 2112 ipse
522 2027 658 2112 scripsit,
673 2049 738 2112 quo
754 2028 887 2093 tandem
904 2028 1022 2094 indicio
1038 2028 1180 2113 genuina
1195 2049 1215 2090 a
1229 2025 1350 2111 spuriis

189 2135 224 2198 in
239 2135 300 2199 hoc
315 2141 446 2197 auctore
463 2131 674 2197 discernenda
690 2140 767 2195 sunt
780 2137 791 2196 1
831 2131 865 2195 in
881 2154 911 2197 u.
928 2134 989 2197 531
1005 2132 1137 2218 capiens
1151 2153 1209 2216 pro
1224 2137 1351 2216 caperet

188 2236 332 2323 reposuit
355 2235 533 2320 Pingraeus
561 2242 676 2320 estque
706 2235 801 2300 unice
832 2257 955 2300 uerum.
1015 2258 1092 2300 nam
1123 2235 1205 2300 illud
1236 2236 1351 2320 teperet

189 2348 377 2426 corruptum
400 2340 466 2403 iam
490 2340 599 2425 ipsum
626 2339 818 2424 contagione
839 2340 980 2425 quadam
1005 2341 1105 2405 etiam
1131 2340 1259 2426 cupieos
1283 2362 1350 2403 cor-

189 2446 312 2530 rupisse
336 2454 589 2509 consentaneum
610 2452 668 2510 est.
714 2445 748 2507 in
769 2444 856 2508 idem
881 2444 998 2509 incidit
1014 2445 1159 2523 Iacobus,
1179 2444 1214 2508 in
1234 2443 1351 2509 ceteris

190 2550 324 2613 minime
350 2549 427 2613 felix
454 2571 528 2612 curn
552 2571 657 2634 neque
680 2548 843 2635 Phorcyos
869 2572 976 2634 neque
998 2559 1124 2635 reparat
1149 2550 1189 2614 ad
1212 2549 1352 2614 aurifiua

189 2654 326 2718 flumina
336 2654 510 2739 quicquam
526 2653 720 2736 pertineant.
754 2663 851 2738 poeta
865 2655 900 2717 in
915 2655 985 2719 auri
1001 2665 1192 2740 argumento
1208 2654 1351 2718 ornando

190 2759 331 2844 primum
355 2758 395 2821 de
418 2756 601 2821 effodiendo
623 2759 703 2836 (524
725 2760 819 2842 sqq.),
843 2780 919 2822 mox
941 2758 982 2822 dc
1006 2759 1145 2822 lauando
1168 2757 1245 2842 (527
1268 2759 1352 2844 sqq.)

191 2863 231 2926 da
246 2883 310 2947 quo
325 2860 438 2924 multis
459 2861 527 2946 egit
543 2860 668 2924 Plinius
684 2859 727 2924 N.
740 2861 783 2924 H.
801 2864 851 2926 33.
869 2861 911 2928 74
926 2883 1003 2946 sqq,
1018 2861 1137 2926 deinde
1152 2862 1193 2925 de
1214 2860 1352 2948 legendo

191 2966 283 3031 dixit.
327 2965 474 3050 quocirca
496 2964 627 3030 Pactoli
650 2964 751 3048 (quod
774 2973 807 3028 et
834 2964 902 3049 ipse
926 2965 1140 3047 conieceram)
1162 2987 1182 3028 a
1204 2963 1352 3029 Breitero

191 3080 331 3155 accepto,
346 3077 454 3133 cetera
468 3068 514 3132 sic
529 3067 685 3154 corrigere
701 3067 793 3132 facile
810 3068 880 3145 erit,

318 3196 442 3261 Pactoli
465 3212 544 3260 Inna
566 3212 676 3261 nasas
700 3218 814 3261 census
836 3194 1020 3280 spumantis
1042 3195 1077 3259 in
1100 3217 1223 3260 aurum.

258 3325 474 3410 corruptelam
503 3324 549 3389 sic
579 3324 712 3410 explico.
767 3322 869 3388 uerba
890 3323 975 3387 male
998 3323 1104 3388 diuisa
1126 3334 1160 3388 et
1181 3324 1216 3388 in
1243 3345 1301 3408 pro
1326 3324 1354 3387 il

192 3429 358 3515 scriptum,
374 3430 466 3493 uelut
487 3429 521 3492 in
546 3446 584 3493 IV
606 3433 666 3495 611
688 3428 901 3514 ‘Inlyricum'
920 3450 978 3513 pro
1000 3427 1202 3513 ‘Illyricum'
1219 3427 1354 3492 exhibet

195 3533 403 3598 Matritensis.
449 3554 523 3595 mox
535 3541 570 3597 at
579 3555 636 3618 pro
647 3533 684 3598 ia
694 3533 824 3617 irrepsit
839 3540 873 3597 et
888 3555 908 3595 r
921 3553 979 3616 pro
995 3532 1025 3610 l;
1047 3531 1255 3595 conferantur
1269 3552 1354 3616 quac

192 3635 228 3700 in
243 3635 349 3720 capite
365 3650 407 3698 ΙΙΙ
422 3634 509 3699 dicta
523 3642 628 3700 erunt.

261 3782 285 3829 v
308 3762 379 3830 567.

368 3899 447 3941 aura
468 3898 526 3962 per
548 3886 709 3942 extremas
731 3877 896 3942 resonauit
918 3874 1027 3941 flebile
1049 3896 1154 3960 rupes.

260 4008 422 4074 resoocait
449 4007 639 4095 Augusteae
669 4009 787 4073 aetatis
816 4016 981 4072 auctorem
1018 4006 1181 4092 scripsisse
1216 4006 1275 4070 uix
1305 4016 1357 4072 cst

196 4111 356 4178 credibile.
401 4134 477 4176 nam
500 4113 587 4197 quod
610 4113 747 4176 Horatio
770 4112 871 4178 Scrm.
896 4128 908 4175 1
933 4116 960 4176 8.
986 4111 1037 4187 41,
1061 4108 1275 4175 ‘resonarint’
1299 4111 1356 4176 ad·

196 4218 355 4293 scribitur,
370 4218 567 4302 optimorum
583 4218 738 4282 librorum
756 4219 819 4281 fide
839 4240 904 4282 non
919 4217 1060 4282 nititur1.
1105 4240 1128 4281 a
1143 4224 1178 4280 et
1193 4216 1210 4281 b
1226 4216 1356 4282 litterae

246 4363 255 4394 ¹
272 4378 337 4424 quac
349 4361 401 4413 alia
412 4362 541 4425 congessit
552 4361 651 4412 Neuius
663 4364 845 4425 (Formenlehre
857 4363 902 4412 der
913 4364 973 4411 Lat.
984 4363 1102 4425 Sprache,
1115 4360 1155 4409 ed.
1167 4359 1303 4422 Wagener,
1314 4375 1357 4410 m.

197 4463 223 4512 p.
236 4448 294 4508 376)
306 4445 432 4509 sequioris
443 4446 533 4496 omnia
545 4445 640 4496 aetatis
651 4449 722 4496 sunt.
