3074 5092
566 351 688 417 ultus
720 350 978 420 MANILIANA.
1332 349 1350 415 7

190 543 409 629 superioribus
432 544 577 608 condicio
602 566 712 609 eorum
739 545 899 632 segregari
929 568 994 610 non
1025 553 1140 631 potest,
1166 545 1206 610 de
1232 543 1351 630 quibus

189 647 244 711 ille
256 648 433 712 rectissime
445 648 669 734 ‘planetarum
682 649 806 714 mentio
822 648 932 714 deesse
947 672 1010 713 non
1028 649 1153 734 potest.’
1195 647 1349 712 nimirum

190 773 266 814 eum
288 759 434 816 mouerat
454 752 648 816 Bentleiana
663 752 720 816 ilfa
734 752 939 839 obiurgatio:
961 753 1072 818 “Vide
1095 775 1187 838 porro
1208 751 1348 815 scabiem

189 854 327 919 istorum
346 855 578 920 versiculorum
601 856 772 920 ‘Saturni’
791 865 824 920 et
840 879 869 941 q.
885 878 1060 921 s....nonne
1077 856 1210 920 mirifice
1225 855 1348 918 dictum

192 960 260 1044 cpit
280 960 367 1024 inter
388 982 537 1025 venerem
559 968 593 1024 et
608 960 721 1024 lunam
734 959 772 1023 ?''
816 959 950 1024 mirifice
973 960 1111 1024 concedo
1135 967 1169 1024 et
1189 958 1349 1036 scabiose;

190 1065 247 1128 sed
277 1065 399 1130 librarii
429 1066 590 1150 culpandi.
651 1065 787 1149 scriptor
812 1064 947 1128 dederat
974 1064 1351 1149 ί(1966-60666666ἰ6116

191 1184 229 1231 1v
251 1171 315 1234 863
331 1169 489 1233 ‘mundus
512 1169 581 1254 opit
604 1168 732 1234 cursus?
786 1190 870 1253 quae
893 1167 927 1231 in
950 1167 1110 1252 prioribus
1131 1176 1225 1231 notat
1250 1167 1351 1230 Bent-

190 1272 282 1350 leiua
303 1296 366 1338 non
389 1275 496 1359 magni
520 1273 667 1338 facienda
689 1282 773 1337 sunt.
820 1272 997 1337 “Planctus
1021 1295 1096 1356 ergo
1119 1273 1184 1336 iam
1208 1270 1350 1356 primum

191 1366 856 1464 11161116166661116111166’]6166’666616ρί666111.υ
899 1376 959 1440 hoc
975 1377 1061 1439 enim
1077 1377 1112 1439 in
1132 1397 1185 1439 uu.
1202 1377 1264 1439 805
1282 1396 1349 1459 sqq.

191 1481 346 1546 Manilius
366 1482 429 1546 sibi
452 1483 619 1568 proposuit
640 1480 832 1546 faciendum.
876 1479 1005 1565 “Atqui
1021 1501 1118 1563 supra
1133 1501 1244 1543 eorum
1260 1500 1349 1542 men-

189 1584 309 1648 tionem
338 1586 459 1650 fecerat
484 1585 600 1650 iisdem
626 1608 710 1671 pene
737 1585 844 1649 verbis
870 1593 908 1648 ut
933 1607 1027 1648 versu
1056 1586 1117 1648 259
1145 1591 1262 1668 ‘atque
1286 1581 1352 1646 alia

190 1689 324 1754 adverso
348 1690 508 1755 luctantia
534 1690 639 1754 sidera
670 1690 809 1766 mundo,'
840 1701 874 1754 66
901 1707 913 1752 1
945 1692 1008 1754 668
1039 1695 1090 1753 ‘et
1119 1689 1263 1774 quinque
1293 1687 1350 1750 ad·

192 1814 281 1855 verso
304 1792 463 1857 luctantia
484 1792 590 1857 sidera
613 1792 752 1867 mundo,1
769 1793 824 1856 ubi
846 1792 1027 1856 notandum
1051 1774 1195 1876 quinque
1218 1797 1349 1854 tantum

191 1896 363 1972 numerari,
388 1896 440 1960 hic
466 1919 541 1961 vero
567 1898 664 1961 solem
693 1898 869 1981 lunamque
897 1896 992 1976 addi;
1023 1897 1114 1981 quasi
1141 1894 1184 1958 sol
1212 1904 1246 1957 et
1273 1894 1351 1957 luna
1467 1953 1469 1957 ,

191 1999 251 2064 hoc
276 2001 418 2085 primum
442 2001 519 2078 loco,
541 2024 605 2065 non
634 2003 698 2065 iam
726 2023 822 2086 saepe
849 2011 955 2076 antea,
982 1999 1142 2064 nominati
1169 1994 1252 2063 sint’
1298 1997 1350 2060 hic

190 2103 272 2167 illud
290 2105 437 2190 psoium
457 2106 624 2170 Bentleius
643 2107 683 2171 de
707 2129 764 2171 suo
783 2106 917 2171 addidit.
964 2106 1111 2190 planetas
1133 2104 1223 2190 prius
1246 2103 1351 2168 obiter

189 2217 296 2292 poeta,
319 2231 404 2272 nunc
428 2231 486 2273 suo
509 2209 576 2273 loco
601 2218 768 2274 memorat.
813 2209 849 2272 in
873 2231 903 2272 u.
927 2207 990 2274 670
1015 2207 1159 2293 quinque
1182 2216 1351 2288 numerat;

190 2332 265 2373 nam
285 2311 397 2376 Lunae
416 2312 565 2398 Solisque
584 2313 708 2376 mentio
728 2312 762 2375 in
782 2335 836 2377 uu.
858 2315 931 2389 668,
952 2315 1015 2378 669
1037 2320 1269 2396 praecesserat:
1293 2312 1349 2376 sed

188 2413 223 2477 in
253 2437 283 2478 u.
309 2418 382 2492 308,
413 2415 498 2500 quod
529 2415 649 2499 fugisse
680 2415 865 2480 Bentleium
895 2415 1035 2492 uidetur,
1061 2422 1197 2500 septem,
1224 2415 1350 2479 ‘sidera

188 2526 314 2603 septem
334 2516 338 2605 Ι
359 2541 417 2604 per
442 2518 492 2582 bis
518 2541 596 2583 sena
625 2519 738 2583 uolant
767 2530 880 2582 contra
909 2519 1051 2582 nitentia
1079 2518 1187 2604 signa?
1243 2541 1349 2605 neque

189 2621 268 2685 illud
295 2623 566 2707 praetereundum
596 2630 645 2686 est
672 2623 706 2686 in
731 2645 760 2687 u.
790 2625 853 2687 813
881 2628 975 2687 ‘sunt
1000 2622 1114 2688 etium'
1141 2646 1160 2686 a
1186 2622 1349 2687 codicibus

188 2747 257 2790 esse
277 2749 381 2812 neque
400 2725 585 2792 offensionis
602 2727 719 2791 habere
738 2726 912 2812 quicquam
934 2726 995 2791 nisi
1017 2727 1103 2812 quod
1124 2749 1198 2791 cum
1218 2727 1348 2790 Bentlei

189 2831 369 2896 rationibus
384 2832 474 2896 nullo
489 2833 584 2896 modo
600 2840 764 2916 congruat.

255 2977 268 3023 I
292 2965 354 3027 889
370 2983 416 3046 sq·
710 3048 811 3112 lassus
834 3048 995 3113 defecerat
1017 3047 1102 3134 ignis

363 3160 397 3216 66
419 3152 615 3217 coaceruatis
637 3152 795 3218 ardebant
818 3175 950 3238 corpora
972 3154 1135 3218 membris.

254 3274 295 3338 de
312 3297 341 3337 u.
358 3277 422 3339 890
436 3281 454 3307 “
464 3275 642 3354 Quomodo,
658 3275 776 3351 sodeS‚”
792 3274 902 3360 inquit
916 3282 932 3307 “
942 3274 1109 3352 ardebant,
1129 3276 1155 3339 si
1175 3276 1259 3362 ignis
1279 3276 1346 3340 iam

188 3378 391 3442 defeceratt”
437 3377 676 3442 rescribendum
693 3395 769 3455 uno,
785 3401 859 3442 cum
881 3387 909 3444 ct
931 3377 1052 3443 centies
1072 3377 1259 3464 centiesque
1274 3401 1348 3443 con-

188 3482 305 3558 fusum,
320 3504 368 3546 ex.
384 3504 430 3567 gr.
446 3499 483 3546 lv
499 3485 571 3547 824.

254 3635 281 3682 11
305 3619 346 3683 70
369 3641 435 3704 sqq.

318 3761 383 3803 non
405 3748 489 3804 66666
510 3739 608 3805 statio
630 3740 734 3819 terris,
757 3765 823 3807 non
845 3742 989 3807 ambitus
1013 3743 1109 3808 astris

318 3841 527 3928 haereretque
550 3866 654 3928 uagus
676 3845 818 3910 mundus
841 3846 1022 3932 standoque
1045 3846 1166 3933 rigeret

317 3969 375 4010 nec
398 3969 457 4011 sua
477 3948 649 4033 dispositos
671 3958 839 4014 seruarent
862 3949 967 4014 sidera
989 3973 1101 4014 cursus

317 4073 445 4136 noxque
467 4052 591 4116 alterna
614 4052 701 4117 diem
724 4053 852 4138 fugeret
874 4076 1067 4140 rursumque
1091 4054 1225 4140 fugaret.

249 4203 279 4246 u.
297 4179 335 4246 71
352 4204 429 4246 sane
444 4205 539 4247 sensu
556 4205 663 4247 cassus
678 4190 737 4262 est,
749 4183 805 4248 sed
817 4182 1046 4261 emendandus,
1058 4206 1123 4248 non
1136 4182 1335 4248 abiciendus:

185 4286 289 4352 scribe

313 4400 519 4478 ERRAretque
546 4413 650 4479 uagus
674 4393 816 4458 mundus
840 4393 1002 4458 standovlt
1026 4393 1153 4478 rigeret.
