<?xml version="1.0" encoding="UTF-8"?>
<!DOCTYPE html PUBLIC "-//W3C//DTD XHTML 1.0 Transitional//EN"
    "http://www.w3.org/TR/xhtml1/DTD/xhtml1-transitional.dtd">
<html xmlns="http://www.w3.org/1999/xhtml" xml:lang="en" lang="en">
 <head>
  <title>
</title>
<meta http-equiv="Content-Type" content="text/html;charset=utf-8" />
  <meta name='ocr-system' content='tesseract 3.04.00' />
  <meta name='ocr-capabilities' content='ocr_page ocr_carea ocr_par ocr_line ocrx_word'/>
</head>
<body>
  <div class='ocr_page' id='page_1' title='image "./silvamaniliana00postgoog_0078.png"; bbox 0 0 3074 5092; ppageno 0'>
   <div class='ocr_carea' id='block_1_1' title="bbox 560 364 1343 425">
    <p class='ocr_par' dir='ltr' id='par_1_1' title="bbox 560 364 1343 425">
     <span class='ocr_line' id='line_1_1' title="bbox 560 364 1343 425; baseline 0.003 -2"><span class='ocrx_word' id='word_1_1' title='bbox 560 364 683 423; x_wconf 83' lang='lat' dir='ltr'><strong><em>SILVA</em></strong></span> <span class='ocrx_word' id='word_1_2' title='bbox 714 364 968 424; x_wconf 79' lang='lat' dir='ltr'><em>MANILIANA.</em></span> <span class='ocrx_word' id='word_1_3' title='bbox 1306 368 1343 425; x_wconf 88' lang='grc'>65</span> 
     </span>
    </p>
   </div>
   <div class='ocr_carea' id='block_1_2' title="bbox 100 547 1344 1154">
    <p class='ocr_par' dir='ltr' id='par_1_2' title="bbox 100 547 1344 1154">
     <span class='ocr_line' id='line_1_2' title="bbox 186 547 1344 636; baseline 0.004 -24"><span class='ocrx_word' id='word_1_4' title='bbox 186 570 290 612; x_wconf 88' lang='lat' dir='ltr'><strong>unum</strong></span> <span class='ocrx_word' id='word_1_5' title='bbox 319 547 437 634; x_wconf 81' lang='lat' dir='ltr'>potuit,</span> <span class='ocrx_word' id='word_1_6' title='bbox 460 556 625 612; x_wconf 80' lang='lat' dir='ltr'>mortuum</span> <span class='ocrx_word' id='word_1_7' title='bbox 652 557 840 633; x_wconf 80' lang='lat' dir='ltr'>prosecutus</span> <span class='ocrx_word' id='word_1_8' title='bbox 866 550 934 614; x_wconf 71' lang='lat' dir='ltr'>est!</span> <span class='ocrx_word' id='word_1_9' title='bbox 993 550 1038 615; x_wconf 88' lang='lat' dir='ltr'>sic</span> <span class='ocrx_word' id='word_1_10' title='bbox 1067 550 1182 636; x_wconf 78' lang='lat' dir='ltr'>qualis,</span> <span class='ocrx_word' id='word_1_11' title='bbox 1208 559 1344 636; x_wconf 74' lang='lat' dir='ltr'>quantoe</span> 
     </span>
     <span class='ocr_line' id='line_1_3' title="bbox 100 651 1343 741; baseline 0.002 -24"><span class='ocrx_word' id='word_1_12' title='bbox 100 669 103 674; x_wconf 86' lang='grc'><em>·</em></span> <span class='ocrx_word' id='word_1_13' title='bbox 186 653 273 739; x_wconf 89' lang='lat' dir='ltr'>apud</span> <span class='ocrx_word' id='word_1_14' title='bbox 297 660 425 717; x_wconf 80' lang='lat' dir='ltr'>ueteres</span> <span class='ocrx_word' id='word_1_15' title='bbox 447 651 596 736; x_wconf 88' lang='lat' dir='ltr'>usurpari</span> <span class='ocrx_word' id='word_1_16' title='bbox 618 674 660 716; x_wconf 91' lang='lat' dir='ltr'>ne</span> <span class='ocrx_word' id='word_1_17' title='bbox 683 652 843 718; x_wconf 80' lang='lat' dir='ltr'>tironibus</span> <span class='ocrx_word' id='word_1_18' title='bbox 869 654 1001 739; x_wconf 92' lang='lat' dir='ltr'>quidem</span> <span class='ocrx_word' id='word_1_19' title='bbox 1023 654 1173 741; x_wconf 80' lang='lat' dir='ltr'>ignotum</span> <span class='ocrx_word' id='word_1_20' title='bbox 1199 663 1256 719; x_wconf 79' lang='lat' dir='ltr'>est.</span> <span class='ocrx_word' id='word_1_21' title='bbox 1301 654 1343 719; x_wconf 85' lang='lat' dir='ltr'>ad</span> 
     </span>
     <span class='ocr_line' id='line_1_4' title="bbox 187 754 1342 842; baseline 0.001 -22"><span class='ocrx_word' id='word_1_22' title='bbox 187 777 348 820; x_wconf 86' lang='lat' dir='ltr'>summam</span> <span class='ocrx_word' id='word_1_23' title='bbox 368 754 448 819; x_wconf 88' lang='lat' dir='ltr'>haec</span> <span class='ocrx_word' id='word_1_24' title='bbox 466 754 550 819; x_wconf 87' lang='lat' dir='ltr'>dico:</span> <span class='ocrx_word' id='word_1_25' title='bbox 572 776 732 839; x_wconf 84' lang='lat' dir='ltr'><strong>nusquam</strong></span> <span class='ocrx_word' id='word_1_26' title='bbox 750 756 927 820; x_wconf 86' lang='lat' dir='ltr'>audiendos</span> <span class='ocrx_word' id='word_1_27' title='bbox 942 778 1002 820; x_wconf 63' lang='lat' dir='ltr'>,eos</span> <span class='ocrx_word' id='word_1_28' title='bbox 1017 778 1086 821; x_wconf 91' lang='lat' dir='ltr'>esse</span> <span class='ocrx_word' id='word_1_29' title='bbox 1104 756 1160 842; x_wconf 90' lang='lat' dir='ltr'>qui</span> <span class='ocrx_word' id='word_1_30' title='bbox 1181 779 1221 822; x_wconf 85' lang='lat' dir='ltr'>ex</span> <span class='ocrx_word' id='word_1_31' title='bbox 1237 767 1266 823; x_wconf 79' lang='lat' dir='ltr'>el</span> <span class='ocrx_word' id='word_1_32' title='bbox 1286 780 1342 821; x_wconf 89' lang='lat' dir='ltr'>seu</span> 
     </span>
     <span class='ocr_line' id='line_1_5' title="bbox 186 859 1344 946; baseline 0.002 -22"><span class='ocrx_word' id='word_1_33' title='bbox 186 882 269 946; x_wconf 87' lang='lat' dir='ltr'>quae</span> <span class='ocrx_word' id='word_1_34' title='bbox 300 859 363 924; x_wconf 88' lang='lat' dir='ltr'>alia</span> <span class='ocrx_word' id='word_1_35' title='bbox 389 860 571 943; x_wconf 80' lang='lat' dir='ltr'>corruptela</span> <span class='ocrx_word' id='word_1_36' title='bbox 597 859 744 944; x_wconf 88' lang='lat' dir='ltr'>pluribus</span> <span class='ocrx_word' id='word_1_37' title='bbox 770 860 874 925; x_wconf 89' lang='lat' dir='ltr'>modis</span> <span class='ocrx_word' id='word_1_38' title='bbox 904 861 992 926; x_wconf 85' lang='lat' dir='ltr'>nasci</span> <span class='ocrx_word' id='word_1_39' title='bbox 1019 862 1188 946; x_wconf 56' lang='lat' dir='ltr'>potueris,</span> <span class='ocrx_word' id='word_1_40' title='bbox 1209 861 1280 926; x_wconf 88' lang='lat' dir='ltr'>siue</span> <span class='ocrx_word' id='word_1_41' title='bbox 1306 885 1344 927; x_wconf 77' lang='lat' dir='ltr'>eo</span> 
     </span>
     <span class='ocr_line' id='line_1_6' title="bbox 186 963 1342 1049; baseline -0.001 -19"><span class='ocrx_word' id='word_1_42' title='bbox 186 967 256 1030; x_wconf 89' lang='lat' dir='ltr'>siue</span> <span class='ocrx_word' id='word_1_43' title='bbox 283 987 316 1031; x_wconf 90' lang='lat' dir='ltr'>ec</span> <span class='ocrx_word' id='word_1_44' title='bbox 342 964 411 1028; x_wconf 86' lang='lat' dir='ltr'>siue</span> <span class='ocrx_word' id='word_1_45' title='bbox 438 963 538 1028; x_wconf 80' lang='lat' dir='ltr'>etiam</span> <span class='ocrx_word' id='word_1_46' title='bbox 568 986 584 1029; x_wconf 88' lang='lat' dir='ltr'>e</span> <span class='ocrx_word' id='word_1_47' title='bbox 612 964 817 1049; x_wconf 81' lang='lat' dir='ltr'>potissimum</span> <span class='ocrx_word' id='word_1_48' title='bbox 848 965 963 1029; x_wconf 82' lang='lat' dir='ltr'>elicere</span> <span class='ocrx_word' id='word_1_49' title='bbox 989 975 1164 1045; x_wconf 82' lang='lat' dir='ltr'>conantur3</span> <span class='ocrx_word' id='word_1_50' title='bbox 1193 966 1233 1029; x_wconf 88' lang='lat' dir='ltr'>ad</span> <span class='ocrx_word' id='word_1_51' title='bbox 1260 965 1342 1030; x_wconf 88' lang='lat' dir='ltr'>illud</span> 
     </span>
     <span class='ocr_line' id='line_1_7' title="bbox 185 1067 1341 1154; baseline 0 -19"><span class='ocrx_word' id='word_1_52' title='bbox 185 1092 289 1136; x_wconf 90' lang='lat' dir='ltr'><strong>unum</strong></span> <span class='ocrx_word' id='word_1_53' title='bbox 304 1068 449 1133; x_wconf 88' lang='lat' dir='ltr'>animum</span> <span class='ocrx_word' id='word_1_54' title='bbox 465 1067 701 1132; x_wconf 80' lang='lat' dir='ltr'>attendendum</span> <span class='ocrx_word' id='word_1_55' title='bbox 722 1068 883 1154; x_wconf 89' lang='lat' dir='ltr'>numquid</span> <span class='ocrx_word' id='word_1_56' title='bbox 903 1078 991 1134; x_wconf 78' lang='lat' dir='ltr'>amet</span> <span class='ocrx_word' id='word_1_57' title='bbox 1012 1070 1178 1154; x_wconf 79' lang='lat' dir='ltr'>sequentis</span> <span class='ocrx_word' id='word_1_58' title='bbox 1200 1070 1341 1154; x_wconf 83' lang='lat' dir='ltr'>syllabae</span> 
     </span>
    </p>
   </div>
   <div class='ocr_carea' id='block_1_3' title="bbox 186 1172 1343 1361">
    <p class='ocr_par' dir='ltr' id='par_1_3' title="bbox 186 1172 1343 1361">
     <span class='ocr_line' id='line_1_8' title="bbox 186 1172 1343 1260; baseline 0 -21"><span class='ocrx_word' id='word_1_59' title='bbox 186 1175 239 1239; x_wconf 86' lang='lat' dir='ltr'>uel</span> <span class='ocrx_word' id='word_1_60' title='bbox 254 1172 405 1238; x_wconf 88' lang='lat' dir='ltr'>uocabuli</span> <span class='ocrx_word' id='word_1_61' title='bbox 419 1172 561 1251; x_wconf 73' lang='lat' dir='ltr'><strong>initium,</strong></span> <span class='ocrx_word' id='word_1_62' title='bbox 576 1173 610 1236; x_wconf 89' lang='lat' dir='ltr'>in</span> <span class='ocrx_word' id='word_1_63' title='bbox 631 1196 695 1259; x_wconf 89' lang='lat' dir='ltr'>quo</span> <span class='ocrx_word' id='word_1_64' title='bbox 716 1174 803 1239; x_wconf 84' lang='lat' dir='ltr'>haud</span> <span class='ocrx_word' id='word_1_65' title='bbox 826 1174 958 1240; x_wconf 80' lang='lat' dir='ltr'>inutilia</span> <span class='ocrx_word' id='word_1_66' title='bbox 977 1175 1138 1260; x_wconf 77' lang='lat' dir='ltr'>congessit</span> <span class='ocrx_word' id='word_1_67' title='bbox 1154 1175 1188 1240; x_wconf 86' lang='lat' dir='ltr'>F.</span> <span class='ocrx_word' id='word_1_68' title='bbox 1205 1174 1343 1252; x_wconf 86' lang='lat' dir='ltr'>Harder,</span> 
     </span>
     <span class='ocr_line' id='line_1_9' title="bbox 186 1274 647 1361; baseline -0.009 -17"><span class='ocrx_word' id='word_1_69' title='bbox 186 1277 276 1344; x_wconf 82' lang='lat' dir='ltr'>Neue</span> <span class='ocrx_word' id='word_1_70' title='bbox 289 1275 401 1341; x_wconf 75' lang='lat' dir='ltr'>Jahrb.</span> <span class='ocrx_word' id='word_1_71' title='bbox 420 1277 513 1351; x_wconf 84' lang='lat'>1890,</span> <span class='ocrx_word' id='word_1_72' title='bbox 529 1298 559 1361; x_wconf 90' lang='lat' dir='ltr'>p.</span> <span class='ocrx_word' id='word_1_73' title='bbox 577 1274 647 1341; x_wconf 79' lang='lat'>771.</span> 
     </span>
    </p>
   </div>
   <div class='ocr_carea' id='block_1_4' title="bbox 185 1461 1343 1941">
    <p class='ocr_par' dir='ltr' id='par_1_4' title="bbox 185 1461 1343 1941">
     <span class='ocr_line' id='line_1_10' title="bbox 218 1461 1342 1527; baseline 0.002 -15"><span class='ocrx_word' id='word_1_74' title='bbox 218 1464 227 1495; x_wconf 89' lang='lat'>1</span> <span class='ocrx_word' id='word_1_75' title='bbox 245 1463 272 1512; x_wconf 89' lang='lat' dir='ltr'>in</span> <span class='ocrx_word' id='word_1_76' title='bbox 285 1465 344 1512; x_wconf 73' lang='lat' dir='ltr'>hoco</span> <span class='ocrx_word' id='word_1_77' title='bbox 355 1461 421 1512; x_wconf 86' lang='lat' dir='ltr'>illud</span> <span class='ocrx_word' id='word_1_78' title='bbox 432 1478 458 1512; x_wconf 81' lang='lat' dir='ltr'>ee</span> <span class='ocrx_word' id='word_1_79' title='bbox 470 1462 551 1512; x_wconf 81' lang='lat' dir='ltr'>latere</span> <span class='ocrx_word' id='word_1_80' title='bbox 563 1477 639 1526; x_wconf 85' lang='lat' dir='ltr'>posse</span> <span class='ocrx_word' id='word_1_81' title='bbox 649 1476 737 1512; x_wconf 87' lang='lat' dir='ltr'>conoe·</span> <span class='ocrx_word' id='word_1_82' title='bbox 789 1463 852 1512; x_wconf 88' lang='lat' dir='ltr'>dum</span> <span class='ocrx_word' id='word_1_83' title='bbox 868 1479 895 1512; x_wconf 85' lang='lat' dir='ltr'>ec</span> <span class='ocrx_word' id='word_1_84' title='bbox 912 1462 1038 1526; x_wconf 85' lang='lat' dir='ltr'>scriptum</span> <span class='ocrx_word' id='word_1_85' title='bbox 1058 1462 1209 1512; x_wconf 86' lang='lat' dir='ltr'>inuenimus</span> <span class='ocrx_word' id='word_1_86' title='bbox 1225 1467 1256 1513; x_wconf 79' lang='lat' dir='ltr'>ut</span> <span class='ocrx_word' id='word_1_87' title='bbox 1272 1464 1342 1527; x_wconf 84' lang='lat' dir='ltr'>apud</span> 
     </span>
     <span class='ocr_line' id='line_1_11' title="bbox 185 1539 1342 1603; baseline 0.003 -8"><span class='ocrx_word' id='word_1_88' title='bbox 185 1545 299 1595; x_wconf 88' lang='lat' dir='ltr'>dendum</span> <span class='ocrx_word' id='word_1_89' title='bbox 310 1548 365 1594; x_wconf 82' lang='lat' dir='ltr'>est:</span> <span class='ocrx_word' id='word_1_90' title='bbox 383 1544 535 1594; x_wconf 79' lang='lat' dir='ltr'>obuersatur</span> <span class='ocrx_word' id='word_1_91' title='bbox 548 1546 637 1594; x_wconf 77' lang='lat' dir='ltr'>tamen</span> <span class='ocrx_word' id='word_1_92' title='bbox 648 1543 738 1593; x_wconf 82' lang='lat' dir='ltr'>animo</span> <span class='ocrx_word' id='word_1_93' title='bbox 790 1545 923 1595; x_wconf 81' lang='lat' dir='ltr'>Grattium</span> <span class='ocrx_word' id='word_1_94' title='bbox 946 1548 994 1597; x_wconf 82' lang='lat'>229</span> <span class='ocrx_word' id='word_1_95' title='bbox 1015 1539 1140 1603; x_wconf 79' lang='lat' dir='ltr'>‘occitat,’</span> <span class='ocrx_word' id='word_1_96' title='bbox 1160 1548 1186 1596; x_wconf 81' lang='lat' dir='ltr'>et</span> <span class='ocrx_word' id='word_1_97' title='bbox 1208 1546 1236 1595; x_wconf 91' lang='lat' dir='ltr'>in</span> <span class='ocrx_word' id='word_1_98' title='bbox 1258 1548 1342 1598; x_wconf 83' lang='lat' dir='ltr'>nostri</span> 
     </span>
     <span class='ocr_line' id='line_1_12' title="bbox 186 1628 1343 1691; baseline 0.001 -13"><span class='ocrx_word' id='word_1_99' title='bbox 186 1628 349 1691; x_wconf 83' lang='lat' dir='ltr'>Propertiani</span> <span class='ocrx_word' id='word_1_100' title='bbox 357 1628 408 1678; x_wconf 85' lang='lat' dir='ltr'>loci</span> <span class='ocrx_word' id='word_1_101' title='bbox 416 1628 503 1690; x_wconf 82' lang='lat' dir='ltr'>imago</span> <span class='ocrx_word' id='word_1_102' title='bbox 514 1628 558 1678; x_wconf 88' lang='lat' dir='ltr'>ubi</span> <span class='ocrx_word' id='word_1_103' title='bbox 567 1631 630 1678; x_wconf 80' lang='lat' dir='ltr'>Eois</span> <span class='ocrx_word' id='word_1_104' title='bbox 639 1629 667 1677; x_wconf 92' lang='lat' dir='ltr'>in</span> <span class='ocrx_word' id='word_1_105' title='bbox 677 1629 737 1677; x_wconf 83' lang='lat' dir='ltr'>hoec</span> <span class='ocrx_word' id='word_1_106' title='bbox 789 1629 846 1679; x_wconf 87' lang='lat' dir='ltr'>loeo</span> <span class='ocrx_word' id='word_1_107' title='bbox 857 1643 883 1677; x_wconf 85' lang='lat' dir='ltr'>rv</span> <span class='ocrx_word' id='word_1_108' title='bbox 894 1629 942 1678; x_wconf 79' lang='lat'>453</span> <span class='ocrx_word' id='word_1_109' title='bbox 954 1643 1002 1690; x_wconf 87' lang='lat' dir='ltr'>pro</span> <span class='ocrx_word' id='word_1_110' title='bbox 1014 1634 1053 1677; x_wconf 81' lang='lat' dir='ltr'>‘et</span> <span class='ocrx_word' id='word_1_111' title='bbox 1064 1630 1135 1677; x_wconf 81' lang='lat' dir='ltr'><strong>tum’</strong></span> <span class='ocrx_word' id='word_1_112' title='bbox 1148 1629 1343 1679; x_wconf 85' lang='lat' dir='ltr'>Gemblaeonsis</span> 
     </span>
     <span class='ocr_line' id='line_1_13' title="bbox 185 1710 1342 1775; baseline -0.002 -13"><span class='ocrx_word' id='word_1_113' title='bbox 185 1713 254 1762; x_wconf 81' lang='lat' dir='ltr'>ohois</span> <span class='ocrx_word' id='word_1_114' title='bbox 271 1715 297 1761; x_wconf 79' lang='lat' dir='ltr'>et</span> <span class='ocrx_word' id='word_1_115' title='bbox 312 1711 341 1760; x_wconf 87' lang='lat' dir='ltr'>in</span> <span class='ocrx_word' id='word_1_116' title='bbox 358 1719 382 1761; x_wconf 81' lang='lat' dir='ltr'>et</span> <span class='ocrx_word' id='word_1_117' title='bbox 399 1713 467 1761; x_wconf 74' lang='lat' dir='ltr'>chria</span> <span class='ocrx_word' id='word_1_118' title='bbox 484 1715 505 1775; x_wconf 90' lang='lat'>(1</span> <span class='ocrx_word' id='word_1_119' title='bbox 522 1713 560 1762; x_wconf 82' lang='lat'>15.</span> <span class='ocrx_word' id='word_1_120' title='bbox 574 1715 600 1774; x_wconf 83' lang='lat'>7)</span> <span class='ocrx_word' id='word_1_121' title='bbox 611 1711 737 1762; x_wconf 82' lang='lat' dir='ltr'>discessit.</span> <span class='ocrx_word' id='word_1_122' title='bbox 790 1710 1012 1762; x_wconf 69' lang='lat' dir='ltr'>‘ectum’habec</span> <span class='ocrx_word' id='word_1_123' title='bbox 1049 1713 1244 1762; x_wconf 80' lang='lat' dir='ltr'>tantumcasus</span> <span class='ocrx_word' id='word_1_124' title='bbox 1259 1710 1342 1760; x_wconf 87' lang='lat' dir='ltr'>inhis</span> 
     </span>
     <span class='ocr_line' id='line_1_14' title="bbox 185 1792 1015 1857; baseline 0 -14"><span class='ocrx_word' id='word_1_125' title='bbox 185 1797 253 1843; x_wconf 78' lang='lat' dir='ltr'>certe</span> <span class='ocrx_word' id='word_1_126' title='bbox 270 1796 338 1855; x_wconf 73' lang='lat' dir='ltr'>hoco,</span> <span class='ocrx_word' id='word_1_127' title='bbox 356 1801 381 1843; x_wconf 80' lang='lat' dir='ltr'>et</span> <span class='ocrx_word' id='word_1_128' title='bbox 398 1794 497 1855; x_wconf 81' lang='lat' dir='ltr'>possim</span> <span class='ocrx_word' id='word_1_129' title='bbox 512 1794 581 1844; x_wconf 84' lang='lat' dir='ltr'>inter</span> <span class='ocrx_word' id='word_1_130' title='bbox 597 1808 624 1844; x_wconf 84' lang='lat' dir='ltr'>se</span> <span class='ocrx_word' id='word_1_131' title='bbox 640 1792 739 1843; x_wconf 87' lang='lat' dir='ltr'>librarii</span> <span class='ocrx_word' id='word_1_132' title='bbox 790 1793 911 1844; x_wconf 87' lang='lat' dir='ltr'>omnibus</span> <span class='ocrx_word' id='word_1_133' title='bbox 926 1793 1015 1857; x_wconf 81' lang='lat' dir='ltr'>pollet.</span> 
     </span>
     <span class='ocr_line' id='line_1_15' title="bbox 185 1875 737 1941; baseline -0.002 -15"><span class='ocrx_word' id='word_1_134' title='bbox 185 1875 303 1929; x_wconf 84' lang='lat' dir='ltr'>miscent.</span> <span class='ocrx_word' id='word_1_135' title='bbox 339 1877 420 1927; x_wconf 79' lang='lat' dir='ltr'>etiam</span> <span class='ocrx_word' id='word_1_136' title='bbox 440 1892 488 1941; x_wconf 91' lang='lat' dir='ltr'>pro</span> <span class='ocrx_word' id='word_1_137' title='bbox 510 1893 541 1927; x_wconf 78' lang='lat' dir='ltr'>co</span> <span class='ocrx_word' id='word_1_138' title='bbox 562 1882 589 1928; x_wconf 78' lang='lat' dir='ltr'>et</span> <span class='ocrx_word' id='word_1_139' title='bbox 611 1885 636 1928; x_wconf 81' lang='lat' dir='ltr'>et</span> <span class='ocrx_word' id='word_1_140' title='bbox 658 1876 737 1926; x_wconf 79' lang='lat' dir='ltr'>inter-</span> 
     </span>
    </p>
   </div>
   <div class='ocr_carea' id='block_1_5' title="bbox 0 0 1542 5092">
    <p class='ocr_par' dir='ltr' id='par_1_5' title="bbox 0 0 1542 5092">
     <span class='ocr_line' id='line_1_16' title="bbox 0 0 1542 5092; baseline 0 0"><span class='ocrx_word' id='word_1_141' title='bbox 0 0 1542 5092; x_wconf 95' lang='lat' dir='ltr'> </span> 
     </span>
    </p>
   </div>
  </div>
 </body>
</html>
