3074 5092
481 368 605 430 SILVA
636 366 893 428 MANILIANA.
1229 371 1267 428 63

170 551 260 617 baud
279 573 350 616 raro
370 550 457 636 apud
477 548 670 615 Manilianos
690 548 814 614 codices
834 548 1030 634 praepositio
1051 569 1072 614 e
1093 550 1147 614 uel
1166 569 1212 616 ex
1231 550 1266 614 in

109 666 148 723 11
163 657 378 744 deprauatum
395 655 572 720 inuenitur.
616 654 696 719 haee
717 654 898 739 corruptela
917 653 950 719 in
975 654 1064 718 nullo
1082 676 1147 718 non
1168 654 1266 740 scrip·

107 772 176 826 tore
199 763 285 826 uiros
308 761 417 826 doctos
440 760 597 846 plurimos
619 758 717 822 nimis
739 757 842 822 iocose
863 757 1056 822 ludificatur.
1101 758 1158 822 alii
1179 759 1266 822 enim

107 874 258 932 uetustae
279 866 367 930 illius
387 866 574 950 scripturae,
595 884 626 929 ec
647 862 728 939 dico,
743 883 841 947 quam
863 861 1003 926 Scaurus
1022 863 1267 946 grammaticus¹

107 969 210 1035 adfert
234 970 470 1055 improbatque,
490 967 654 1052 λείψανον
677 987 746 1030 1331
768 965 939 1044 affirmant,
962 966 1017 1029 alii
1041 964 1081 1030 de
1104 966 1160 1029 illa
1181 975 1266 1031 tam-

108 1096 205 1159 quam
227 1073 387 1158 naufragii
408 1071 549 1158 quadam
568 1071 681 1135 tabula
701 1070 892 1157 depugnant
913 1078 947 1135 et
968 1070 1009 1135 ab
1028 1092 1066 1136 cc
1086 1071 1266 1156 profectum

108 1199 176 1243 esse
206 1187 235 1243 ct
264 1176 346 1241 illud
375 1176 585 1253 contendunt,
611 1175 676 1252 alii,
705 1176 890 1260 elapsurum
920 1174 1013 1240 credo
1044 1198 1083 1240 ex
1116 1177 1267 1242 manibus

108 1279 308 1357 thesaurum,
330 1289 506 1365 utrumque
536 1277 787 1363 amplectuntur.
847 1280 903 1344 sed
933 1302 1047 1345 secura
1075 1279 1116 1344 de
1146 1282 1267 1347 talibus

108 1385 312 1450 librariorum
335 1385 425 1450 natio
447 1384 528 1449 haec
550 1385 659 1449 omnia
681 1393 802 1449 temere
825 1384 994 1449 confundit
1020 1407 1057 1450 ac
1083 1385 1266 1471 permiscet.

109 1490 160 1555 dic
190 1492 278 1555 enim
308 1490 399 1556 sodes
429 1499 467 1555 tu
497 1489 563 1574 qui,
593 1511 666 1554 oum
698 1488 732 1552 in
762 1488 871 1574 aliquo
906 1489 1014 1554 codice
1047 1499 1076 1556 ct
1110 1490 1267 1576 scriptum

110 1597 274 1673 inuenisti,
305 1595 457 1660 continuo
488 1618 519 1661 cc
556 1595 654 1659 fuisse
691 1595 871 1680 suspicaris,
901 1595 958 1680 qui
987 1596 1071 1680 quod
1103 1595 1268 1661 Mediceus

110 1700 210 1765 habet
232 1709 261 1765 et
274 1700 408 1786 scalpere
424 1699 516 1782 (Aen.
534 1701 553 1762 2
571 1701 657 1780 616),
673 1699 759 1783 quod
782 1698 951 1763 Palatinus
974 1708 1002 1764 et
1016 1700 1158 1785 suadere
1172 1700 1267 1783 (Am.

113 1809 153 1868 12
169 1805 256 1886 499),
271 1815 305 1868 11
321 1804 476 1889 ecfalpore
495 1812 529 1867 et
552 1802 718 1888 ecfandere
733 1824 790 1886 pro
805 1803 1000 1887 Vergilianis
1016 1804 1174 1882 uenditas,
1190 1804 1269 1889 quid

111 1907 151 1972 de
173 1908 252 1973 Am.
278 1911 298 1971 8
322 1910 384 1972 286
408 1906 465 1971 ubi
491 1907 657 1970 Romanus
681 1915 710 1973 ct
735 1907 843 1984 uincti,
865 1907 944 1992 quid
969 1907 1009 1972 de
1034 1909 1114 1974 Aen.
1140 1912 1178 1971 11
1205 1911 1268 1972 610

112 2012 168 2077 ubi
198 2036 218 2077 a
247 2011 352 2096 prima
378 2033 478 2074 manu
505 2010 669 2075 Mediceus
695 2019 724 2077 ct
750 2010 919 2076 hortantur
945 2012 1087 2096 praebet,
1114 2012 1269 2077 uidetur?
1325 2059 1329 2066 -

112 2138 191 2180 num
227 2114 360 2181 accincti
395 2113 515 2190 scribis,
545 2135 625 2177 num
663 2112 887 2179 cohortantur?
923 2113 983 2177 hoc
1012 2115 1040 2177 si
1073 2115 1271 2194 reformidas,

112 2227 221 2284 actum
240 2227 290 2282 est
307 2219 347 2282 de
367 2225 425 2282 tuo
447 2240 486 2283 eo.
533 2239 591 2281 nec
612 2217 720 2281 minus
740 2217 795 2282 ille
821 2219 878 2304 qui
900 2240 938 2283 ec
960 2241 977 2283 e
1001 2218 1120 2283 talibus
1143 2219 1270 2296 ecfodit,

113 2322 212 2388 simili
235 2329 427 2408 argumento
452 2330 484 2386 11
506 2321 574 2406 ipse
592 2321 719 2386 iacebit.
765 2344 840 2386 nam
863 2322 920 2407 qui
940 2322 1064 2409 Vergili
1086 2323 1155 2387 loco
1175 2323 1270 2388 modo

114 2429 254 2493 excitato
275 2428 367 2510 (Aen.
391 2430 429 2490 11
454 2429 532 2508 610)
553 2426 689 2511 aliisque
711 2425 744 2491 id
766 2449 869 2511 genus
889 2427 1079 2512 corruptelis
1100 2428 1269 2505 incumbis

114 2534 193 2620 quid
208 2533 248 2598 de
263 2533 378 2597 ceteris
393 2531 509 2596 facies?
529 2530 643 2616 quidni
658 2531 693 2595 11
708 2531 803 2617 Verg.
819 2532 899 2598 Aen.
916 2537 936 2596 8
953 2535 1016 2598 610
1032 2533 1089 2598 ubi
1105 2534 1270 2599 Mediceus

114 2660 134 2702 a
159 2659 258 2701 manu
284 2636 417 2723 quidem
443 2635 584 2700 secunda
611 2634 777 2699 Palatinus
804 2636 968 2700 Romanus
993 2645 1022 2702 et
1043 2637 1149 2722 9111111
1179 2660 1271 2723 prae·

77 2786 84 2801 .
114 2742 203 2818 beot,
226 2741 373 2826 11911111,
396 2740 431 2804 11
455 2742 535 2804 Aen.
559 2744 597 2803 11
622 2743 694 2816 695,
715 2740 774 2804 ubi
797 2739 964 2806 Palatinus
987 2750 1016 2806 et
1038 2742 1128 2818 ladit,
1151 2742 1272 2809 occludit

115 2847 251 2911 scribis?
275 2845 458 2931 placebitne
478 2846 514 2909 in
536 2844 702 2909 Maniliol
725 2848 786 2910 351
804 2844 1050 2931 1111111111οά
1069 2847 1270 2913 Matritensis

114 2951 159 3017 Et
177 2951 259 3036 rapit
277 2950 434 3015 exbibet?
459 2972 522 3013 non
547 2948 649 3014 credo.
695 2948 779 3035 quod
806 2948 833 3012 si
858 2972 915 3034 pro
942 2949 1056 3014 eodem
1083 2959 1111 3016 et
1136 2951 1230 3015 modo
1256 2973 1272 3018 e

114 3054 209 3118 modo
232 3076 269 3119 aa
293 3053 450 3129 rescribis,
473 3053 539 3118 iarn
568 3053 666 3118 debes
693 3052 838 3118 confiteri
864 3053 948 3117 nihil
975 3062 1008 3117 te
1035 3055 1116 3119 certi
1143 3076 1183 3118 ex
1209 3055 1273 3119 ista

114 3159 273 3246 scriptura
300 3158 550 3243 expiscaturum.
595 3157 686 3222 aliud
717 3158 817 3223 etiam
846 3180 951 3245 genus
980 3167 1031 3223 est
1061 3159 1172 3224 inania
1198 3182 1271 3245 cap·

113 3263 256 3328 'cantium
279 3262 337 3347 qui
360 3284 399 3326 ex
426 3262 539 3327 multis
565 3285 665 3327 unam
683 3263 714 3348 f
733 3263 876 3327 litteram
904 3262 1032 3350 eligunt
1059 3264 1110 3328 cui
1134 3287 1166 3330 ec
1188 3264 1271 3329 illud

115 3367 290 3431 uetustatis
311 3367 475 3453 specimen
495 3367 705 3452 subiungant.
751 3367 785 3431 hi
803 3366 928 3431 laudari
949 3376 1079 3452 possent
1101 3369 1128 3433 si
1143 3369 1273 3455 saepius

114 3493 212 3557 quam
235 3493 292 3556 pro
315 3471 442 3536 ratione
464 3472 499 3535 in
523 3471 588 3536 ista
610 3471 721 3536 littera
746 3471 872 3557 peccari
898 3495 918 3536 a
943 3472 1083 3536 librariis
1108 3472 1272 3539 docerent:

115 3599 201 3642 nunc
227 3598 305 3641 uero
329 3575 466 3640 dubium
491 3584 603 3640 utrum
626 3575 731 3662 magis
752 3575 989 3641 inconstantiae
1012 3577 1143 3642 nomine
1166 3600 1272 3664 repre-

147 3847 156 3878 1
173 3861 198 3910 p.
220 3845 285 3896 2260
305 3845 543 3911 (Grammaticorum
562 3848 668 3896 Latino·
720 3846 801 3909 signis
817 3847 900 3910 [Verr.
912 3848 969 3898 Act.
984 3849 1009 3896 2.
1021 3849 1045 3909 4,
1058 3851 1072 3910 ξ
1086 3849 1145 3911 124]
1162 3848 1274 3901 nimium

114 3946 177 3992 ram,
191 3928 231 3979 ed.
244 3928 311 3989 Keil,
328 3932 347 3980 t.
365 3928 410 3992 vii,
428 3943 453 3991 p.
471 3929 511 3980 21.
531 3929 580 3992 14).
609 3942 669 3978 con-
719 3929 830 3980 forsitan
849 3929 914 3980 haec
932 3929 972 3979 illi
991 3929 1120 3980 mirentur
1139 3934 1217 3993 atque
1236 3948 1274 3983 ec·

114 4012 176 4062 11111
194 4010 288 4060 debent
305 4009 454 4060 Terentiani
472 4009 668 4068 Μ11111.449,
719 4013 823 4062 terant!
863 4027 890 4062 ec
917 4012 1082 4072 grammatici
1109 4011 1146 4071 hi,
1175 4013 1274 4064 codices

114 4100 140 4145 11
151 4093 267 4154 Agroecii
278 4093 357 4143 uerba
370 4093 414 4159 (ib.
428 4097 447 4142 t.
459 4093 503 4156 vii,
517 4108 542 4157 p.
556 4094 610 4143 124.
626 4095 668 4155 22)
721 4099 857 4144 auctorum
868 4098 985 4144 ueterum
997 4095 1060 4144 locis
1071 4095 1207 4158 perpaucis
1215 4097 1273 4162 (Ne-

116 4179 242 4228 ‘cfferunt
259 4176 304 4240 qui
322 4180 469 4240 exportant,
486 4177 603 4226 11111111
625 4176 670 4239 qui
721 4175 790 4237 nius,
805 4175 844 4228 eri
859 4176 993 4238 waganon,
1013 4181 1031 4227 1.
1048 4176 1077 4238 11,
1093 4191 1136 4240 pp.
1149 4180 1197 4230 870
1209 4179 1275 4245 sqq.)

113 4259 246 4312 laudando
256 4260 402 4310 extollunt:
420 4258 490 4309 idem
501 4259 605 4309 Cicero:
619 4257 670 4308 ί11-
721 4257 829 4319 lapides,
846 4257 915 4320 quod
931 4257 1020 4316 sciam,
1039 4273 1168 4320 nusquam
1184 4274 1274 4322 agnos

115 4343 197 4392 mium
228 4341 292 4392 haec
323 4340 363 4390 illi
393 4342 504 4391 tortasse
538 4340 672 4392 ecferant)
723 4342 795 4390 cunt.
842 4339 978 4402 Vergilius,
1004 4342 1133 4401 quantum
1157 4340 1277 4404 indagari

114 4426 147 4478 ct.
163 4425 288 4486 Nouium,
304 4438 330 4487 p.
344 4425 400 4475 298.
421 4424 444 4484 1,
459 4422 510 4472 ‘M.
523 4420 625 4473 Tullius
641 4421 672 4472 de
722 4422 817 4484 potest,
829 4435 856 4470 ec
868 4434 998 4483 nusquam
1009 4419 1115 4472 uidetur
1125 4421 1267 4486 scripsisse.
